Id,Provenance,Exchange,Symbol_Pair,Type,Price,Volume,Timestamp
613803-BTCUSD,BITFINEX,BTCUSD,BTCUSD,Sell,436.5,2.77,1450048877
613802-BTCUSD,BITFINEX,BTCUSD,BTCUSD,Sell,436.51,5.65,1450048865
613801-BTCUSD,BITFINEX,BTCUSD,BTCUSD,Sell,436.65,0.01,1450048865
613800-BTCUSD,BITFINEX,BTCUSD,BTCUSD,Buy,436.77,1.5,1450048844
613799-BTCUSD,BITFINEX,BTCUSD,BTCUSD,Buy,436.72,3.0,1450048844
613798-BTCUSD,BITFINEX,BTCUSD,BTCUSD,Buy,436.71,0.5,1450048844
613797-BTCUSD,BITFINEX,BTCUSD,BTCUSD,Sell,436.65,2.74,1450048799
613796-BTCUSD,BITFINEX,BTCUSD,BTCUSD,Sell,436.68,0.22,1450048783
613795-BTCUSD,BITFINEX,BTCUSD,BTCUSD,Sell,436.68,0.44,1450048780
613794-BTCUSD,BITFINEX,BTCUSD,BTCUSD,Buy,436.68,2.74,1450048778
613793-BTCUSD,BITFINEX,BTCUSD,BTCUSD,Buy,436.57,0.22,1450048778
613792-BTCUSD,BITFINEX,BTCUSD,BTCUSD,Buy,436.55,3.0,1450048778
613791-BTCUSD,BITFINEX,BTCUSD,BTCUSD,Buy,436.39,0.22,1450048764
613790-BTCUSD,BITFINEX,BTCUSD,BTCUSD,Buy,436.33,0.01,1450048764
613789-BTCUSD,BITFINEX,BTCUSD,BTCUSD,Sell,436.29,1.2312677,1450048728
613788-BTCUSD,BITFINEX,BTCUSD,BTCUSD,Buy,436.32,0.35,1450048692
613787-BTCUSD,BITFINEX,BTCUSD,BTCUSD,Buy,436.33,0.04,1450048677
613786-BTCUSD,BITFINEX,BTCUSD,BTCUSD,Buy,436.27,0.28,1450048645
613785-BTCUSD,BITFINEX,BTCUSD,BTCUSD,Buy,436.26,0.5,1450048645
613784-BTCUSD,BITFINEX,BTCUSD,BTCUSD,Buy,436.22,0.22,1450048645
613783-BTCUSD,BITFINEX,BTCUSD,BTCUSD,Buy,436.2,0.26382463,1450048625
613782-BTCUSD,BITFINEX,BTCUSD,BTCUSD,Buy,436.19,0.5,1450048625
613781-BTCUSD,BITFINEX,BTCUSD,BTCUSD,Buy,436.08,0.21617537,1450048625
613780-BTCUSD,BITFINEX,BTCUSD,BTCUSD,Buy,436.0,0.02,1450048625
613779-BTCUSD,BITFINEX,BTCUSD,BTCUSD,Buy,435.85,0.01,1450048582
84057-LTCUSD,BITFINEX,LTCUSD,LTCUSD,Buy,3.6176,3.56751,1450048546
84056-LTCUSD,BITFINEX,LTCUSD,LTCUSD,Buy,3.6,44.4088,1450048546
84055-LTCUSD,BITFINEX,LTCUSD,LTCUSD,Buy,3.5999,23.8,1450048546
84054-LTCUSD,BITFINEX,LTCUSD,LTCUSD,Sell,3.5801,0.1,1450047816
84053-LTCUSD,BITFINEX,LTCUSD,LTCUSD,Sell,3.5801,0.2,1450047811
84052-LTCUSD,BITFINEX,LTCUSD,LTCUSD,Sell,3.5801,0.5,1450047806
84051-LTCUSD,BITFINEX,LTCUSD,LTCUSD,Buy,3.5801,1.0,1450047800
84050-LTCUSD,BITFINEX,LTCUSD,LTCUSD,Sell,3.5801,5.0,1450047611
84049-LTCUSD,BITFINEX,LTCUSD,LTCUSD,Sell,3.5801,15.0,1450047607
84048-LTCUSD,BITFINEX,LTCUSD,LTCUSD,Sell,3.6,5.4912,1450046555
84047-LTCUSD,BITFINEX,LTCUSD,LTCUSD,Sell,3.6066,0.1,1450046555
84046-LTCUSD,BITFINEX,LTCUSD,LTCUSD,Sell,3.6079,2.49999013,1450046426
84045-LTCUSD,BITFINEX,LTCUSD,LTCUSD,Sell,3.608,2.49999007,1450045922
84044-LTCUSD,BITFINEX,LTCUSD,LTCUSD,Buy,3.6066,5.24962,1450044316
84043-LTCUSD,BITFINEX,LTCUSD,LTCUSD,Buy,3.6,19.5088,1450044087
84042-LTCUSD,BITFINEX,LTCUSD,LTCUSD,Buy,3.6,15.0,1450044082
84041-LTCUSD,BITFINEX,LTCUSD,LTCUSD,Buy,3.6,65.4912,1450044043
84040-LTCUSD,BITFINEX,LTCUSD,LTCUSD,Buy,3.6,3.5263,1450044043
84039-LTCUSD,BITFINEX,LTCUSD,LTCUSD,Buy,3.6,0.8327,1450044034
84038-LTCUSD,BITFINEX,LTCUSD,LTCUSD,Buy,3.6,2.4987,1450044026
84037-LTCUSD,BITFINEX,LTCUSD,LTCUSD,Buy,3.6,29.5423,1450044016
84036-LTCUSD,BITFINEX,LTCUSD,LTCUSD,Sell,3.5811,1.0,1450043353
84035-LTCUSD,BITFINEX,LTCUSD,LTCUSD,Buy,3.6,1.0,1450043191
84034-LTCUSD,BITFINEX,LTCUSD,LTCUSD,Sell,3.5802,1.0,1450043108
84033-LTCUSD,BITFINEX,LTCUSD,LTCUSD,Buy,3.6,1.0,1450042975
47747-LTCBTC,BITFINEX,LTCBTC,LTCBTC,Sell,0.008229,6.65058768,1450048540
47746-LTCBTC,BITFINEX,LTCBTC,LTCBTC,Sell,0.00823,3.14,1450048540
47745-LTCBTC,BITFINEX,LTCBTC,LTCBTC,Sell,0.00823,0.20941232,1450048540
47744-LTCBTC,BITFINEX,LTCBTC,LTCBTC,Sell,0.00823,6.06058768,1450048270
47743-LTCBTC,BITFINEX,LTCBTC,LTCBTC,Sell,0.00825,12.13592232,1450048270
47742-LTCBTC,BITFINEX,LTCBTC,LTCBTC,Buy,0.008343,18.18181818,1450047925
47741-LTCBTC,BITFINEX,LTCBTC,LTCBTC,Buy,0.008343,20.16557593,1450047923
47740-LTCBTC,BITFINEX,LTCBTC,LTCBTC,Buy,0.00834,0.2,1450047923
47739-LTCBTC,BITFINEX,LTCBTC,LTCBTC,Buy,0.008338,3.0,1450047923
47738-LTCBTC,BITFINEX,LTCBTC,LTCBTC,Buy,0.00833,0.1,1450047923
47737-LTCBTC,BITFINEX,LTCBTC,LTCBTC,Buy,0.008328,3.0,1450047923
47736-LTCBTC,BITFINEX,LTCBTC,LTCBTC,Buy,0.008318,3.0,1450047923
47735-LTCBTC,BITFINEX,LTCBTC,LTCBTC,Buy,0.00831,0.1,1450047923
47734-LTCBTC,BITFINEX,LTCBTC,LTCBTC,Buy,0.008303,3.0,1450047923
47733-LTCBTC,BITFINEX,LTCBTC,LTCBTC,Buy,0.008302,7.95315028,1450047923
47732-LTCBTC,BITFINEX,LTCBTC,LTCBTC,Buy,0.0083,7.527447,1450047923
47731-LTCBTC,BITFINEX,LTCBTC,LTCBTC,Buy,0.00829,12.13592233,1450047923
47730-LTCBTC,BITFINEX,LTCBTC,LTCBTC,Buy,0.00829,0.1,1450047923
47729-LTCBTC,BITFINEX,LTCBTC,LTCBTC,Buy,0.00829,0.1,1450047923
47728-LTCBTC,BITFINEX,LTCBTC,LTCBTC,Buy,0.008288,3.0,1450047923
47727-LTCBTC,BITFINEX,LTCBTC,LTCBTC,Buy,0.008287,18.18181818,1450047923
47726-LTCBTC,BITFINEX,LTCBTC,LTCBTC,Buy,0.008278,3.0,1450047923
47725-LTCBTC,BITFINEX,LTCBTC,LTCBTC,Buy,0.00825,36.05154039,1450047923
47724-LTCBTC,BITFINEX,LTCBTC,LTCBTC,Buy,0.00825,1.0,1450047296
47723-LTCBTC,BITFINEX,LTCBTC,LTCBTC,Buy,0.00825,1.0,1450047262
65470709,BTC-E,btc_eur,btc_eur,bid,402.11,0.0144554,1450048820
65470514,BTC-E,btc_eur,btc_eur,bid,400.49,0.0186044,1450048323
65470428,BTC-E,btc_eur,btc_eur,bid,400.49,0.0101456,1450047736
65470275,BTC-E,btc_eur,btc_eur,bid,398.033,0.201737,1450047208
65470248,BTC-E,btc_eur,btc_eur,bid,398.033,0.0111912,1450047069
65470221,BTC-E,btc_eur,btc_eur,bid,400.49,0.01,1450046942
65470194,BTC-E,btc_eur,btc_eur,bid,401.48,0.0113771,1450046713
65470180,BTC-E,btc_eur,btc_eur,bid,401.48,0.0120011,1450046669
65469958,BTC-E,btc_eur,btc_eur,bid,401.49,0.01125,1450045950
65469707,BTC-E,btc_eur,btc_eur,ask,398.271,0.0115029,1450045518
65469690,BTC-E,btc_eur,btc_eur,ask,398.27,0.0399966,1450045337
65469444,BTC-E,btc_eur,btc_eur,bid,401.49,0.0031658,1450044456
65469443,BTC-E,btc_eur,btc_eur,bid,401.49,0.0194411,1450044441
65469433,BTC-E,btc_eur,btc_eur,bid,401.49,0.0159498,1450044388
65469430,BTC-E,btc_eur,btc_eur,bid,401.49,0.0204489,1450044355
65469407,BTC-E,btc_eur,btc_eur,bid,401.49,0.020179,1450044271
65469392,BTC-E,btc_eur,btc_eur,bid,401.49,0.0208155,1450044186
65469065,BTC-E,btc_eur,btc_eur,ask,403.06,0.0467693,1450043269
65469064,BTC-E,btc_eur,btc_eur,bid,403.06,0.178231,1450043268
65468768,BTC-E,btc_eur,btc_eur,ask,397.713,0.012506,1450042639
65468767,BTC-E,btc_eur,btc_eur,ask,397.944,0.011,1450042639
65468766,BTC-E,btc_eur,btc_eur,ask,397.996,0.013664,1450042639
65468765,BTC-E,btc_eur,btc_eur,ask,398.299,0.011,1450042639
65468764,BTC-E,btc_eur,btc_eur,ask,398.62,0.011,1450042639
65468763,BTC-E,btc_eur,btc_eur,ask,398.811,0.011,1450042639
65468762,BTC-E,btc_eur,btc_eur,ask,399.0,0.01003,1450042639
65468761,BTC-E,btc_eur,btc_eur,ask,399.627,0.011,1450042639
65468562,BTC-E,btc_eur,btc_eur,ask,400.2,0.754383,1450042407
65468561,BTC-E,btc_eur,btc_eur,ask,400.49,0.023,1450042407
65468276,BTC-E,btc_eur,btc_eur,bid,400.49,0.1,1450041973
65467751,BTC-E,btc_eur,btc_eur,ask,400.2,1.0,1450041611
65467713,BTC-E,btc_eur,btc_eur,ask,400.2,1.0,1450041591
65467469,BTC-E,btc_eur,btc_eur,ask,400.2,1.5,1450041460
65467449,BTC-E,btc_eur,btc_eur,ask,401.224,0.179734,1450041431
65467099,BTC-E,btc_eur,btc_eur,ask,402.25,0.0743121,1450040564
65467060,BTC-E,btc_eur,btc_eur,bid,402.538,0.023074,1450040537
65467059,BTC-E,btc_eur,btc_eur,ask,402.892,5.2598E-4,1450040537
65466871,BTC-E,btc_eur,btc_eur,ask,402.892,0.011,1450040073
65466710,BTC-E,btc_eur,btc_eur,ask,403.5,1.0E-8,1450039725
65466625,BTC-E,btc_eur,btc_eur,ask,403.5,0.00999999,1450039576
65466624,BTC-E,btc_eur,btc_eur,ask,403.75,0.0060678,1450039576
65466457,BTC-E,btc_eur,btc_eur,ask,403.75,0.0139322,1450039574
65465940,BTC-E,btc_eur,btc_eur,bid,404.0,0.0211207,1450038775
65465406,BTC-E,btc_eur,btc_eur,bid,402.49,1.0E-8,1450037509
65465338,BTC-E,btc_eur,btc_eur,bid,402.0,0.0105,1450037104
65464701,BTC-E,btc_eur,btc_eur,bid,401.905,9.577E-5,1450036080
65464509,BTC-E,btc_eur,btc_eur,bid,401.905,0.0107807,1450035311
65464508,BTC-E,btc_eur,btc_eur,bid,401.0,1.0E-8,1450035311
65464338,BTC-E,btc_eur,btc_eur,bid,400.599,0.0116033,1450034929
65464319,BTC-E,btc_eur,btc_eur,bid,401.0,0.65761,1450034907
65464096,BTC-E,btc_eur,btc_eur,bid,402.0,0.011629,1450034138
65464079,BTC-E,btc_eur,btc_eur,bid,402.0,0.0167063,1450034099
65463969,BTC-E,btc_eur,btc_eur,bid,402.0,0.0165144,1450033583
65463637,BTC-E,btc_eur,btc_eur,bid,402.49,0.0328355,1450032794
65463499,BTC-E,btc_eur,btc_eur,bid,402.49,0.0137896,1450032490
65463250,BTC-E,btc_eur,btc_eur,bid,402.49,0.01,1450031599
65463240,BTC-E,btc_eur,btc_eur,bid,402.49,0.01,1450031504
65463216,BTC-E,btc_eur,btc_eur,bid,402.49,0.0116265,1450031424
65463200,BTC-E,btc_eur,btc_eur,bid,402.49,0.0117484,1450031391
65463188,BTC-E,btc_eur,btc_eur,bid,402.49,0.01,1450031350
65462713,BTC-E,btc_eur,btc_eur,bid,401.0,0.0104283,1450029801
65462634,BTC-E,btc_eur,btc_eur,bid,401.0,0.0530612,1450029497
65462338,BTC-E,btc_eur,btc_eur,bid,401.0,0.01,1450028734
65462310,BTC-E,btc_eur,btc_eur,bid,400.599,0.0117047,1450028640
65462268,BTC-E,btc_eur,btc_eur,bid,401.0,0.01,1450028507
65462242,BTC-E,btc_eur,btc_eur,bid,401.0,0.0129756,1450028411
65462213,BTC-E,btc_eur,btc_eur,bid,401.0,0.0136018,1450028375
65462194,BTC-E,btc_eur,btc_eur,bid,401.0,0.0588591,1450028328
65462192,BTC-E,btc_eur,btc_eur,bid,401.0,0.0121819,1450028324
65462166,BTC-E,btc_eur,btc_eur,bid,401.0,0.0143462,1450028228
65462139,BTC-E,btc_eur,btc_eur,ask,399.21,0.0939043,1450028169
65462138,BTC-E,btc_eur,btc_eur,ask,399.21,0.0120957,1450028169
65462121,BTC-E,btc_eur,btc_eur,bid,401.0,0.0132874,1450028139
65462107,BTC-E,btc_eur,btc_eur,bid,401.0,0.0159759,1450028066
65462101,BTC-E,btc_eur,btc_eur,bid,401.0,0.0133387,1450028046
65462075,BTC-E,btc_eur,btc_eur,bid,401.0,0.0482248,1450027960
65462067,BTC-E,btc_eur,btc_eur,bid,401.0,0.01,1450027946
65462044,BTC-E,btc_eur,btc_eur,bid,401.0,0.0434,1450027898
65462034,BTC-E,btc_eur,btc_eur,bid,401.0,0.01,1450027863
65462030,BTC-E,btc_eur,btc_eur,bid,401.0,0.0112438,1450027857
65461989,BTC-E,btc_eur,btc_eur,bid,401.0,0.010019,1450027813
65461983,BTC-E,btc_eur,btc_eur,bid,401.0,0.0422997,1450027812
65461956,BTC-E,btc_eur,btc_eur,bid,403.57,0.0180962,1450027804
65461948,BTC-E,btc_eur,btc_eur,bid,403.57,0.00744062,1450027803
65461947,BTC-E,btc_eur,btc_eur,bid,403.57,0.0488897,1450027803
65461571,BTC-E,btc_eur,btc_eur,bid,402.1,0.0495202,1450026753
65461297,BTC-E,btc_eur,btc_eur,bid,402.1,0.0210466,1450025965
65461271,BTC-E,btc_eur,btc_eur,bid,402.1,0.0190346,1450025884
65461253,BTC-E,btc_eur,btc_eur,bid,402.1,0.0139849,1450025809
65461202,BTC-E,btc_eur,btc_eur,bid,402.1,0.0219873,1450025717
65461190,BTC-E,btc_eur,btc_eur,bid,402.1,0.0143256,1450025633
65461174,BTC-E,btc_eur,btc_eur,bid,402.1,0.0205829,1450025550
65461130,BTC-E,btc_eur,btc_eur,bid,402.1,0.0175699,1450025468
65461125,BTC-E,btc_eur,btc_eur,bid,402.1,0.016179,1450025462
65461104,BTC-E,btc_eur,btc_eur,bid,402.1,0.0167628,1450025381
65460785,BTC-E,btc_eur,btc_eur,bid,401.98,0.01,1450024719
65460777,BTC-E,btc_eur,btc_eur,bid,401.98,0.0218533,1450024678
65460691,BTC-E,btc_eur,btc_eur,bid,401.98,0.0224136,1450024592
65460690,BTC-E,btc_eur,btc_eur,bid,401.98,0.0112077,1450024569
65460689,BTC-E,btc_eur,btc_eur,bid,401.98,0.01,1450024567
65460639,BTC-E,btc_eur,btc_eur,bid,401.98,0.0143383,1450024417
65460306,BTC-E,btc_eur,btc_eur,bid,397.996,0.1545,1450023426
65460263,BTC-E,btc_eur,btc_eur,bid,401.967,0.0186198,1450023370
65460106,BTC-E,btc_eur,btc_eur,bid,401.979,0.0146724,1450022824
65459995,BTC-E,btc_eur,btc_eur,bid,402.0,0.010002,1450022459
65459750,BTC-E,btc_eur,btc_eur,bid,398.142,2.6E-7,1450021813
65459526,BTC-E,btc_eur,btc_eur,ask,398.142,2.51166,1450021105
65459525,BTC-E,btc_eur,btc_eur,ask,399.0,0.101572,1450021105
65459524,BTC-E,btc_eur,btc_eur,ask,399.0,0.01003,1450021105
65459319,BTC-E,btc_eur,btc_eur,ask,399.01,0.1,1450021013
65459239,BTC-E,btc_eur,btc_eur,ask,399.95,0.1,1450021009
65459237,BTC-E,btc_eur,btc_eur,ask,399.96,4.008E-4,1450021006
65459236,BTC-E,btc_eur,btc_eur,ask,399.96,0.2,1450021006
65459226,BTC-E,btc_eur,btc_eur,ask,401.0,3.0E-5,1450020983
65459224,BTC-E,btc_eur,btc_eur,ask,401.0,0.09997,1450020983
65459223,BTC-E,btc_eur,btc_eur,ask,401.0,0.01003,1450020983
65458750,BTC-E,btc_eur,btc_eur,bid,403.226,0.0116283,1450020125
65458745,BTC-E,btc_eur,btc_eur,bid,401.281,0.0015815,1450020085
65458744,BTC-E,btc_eur,btc_eur,ask,401.992,0.010021,1450020084
65458732,BTC-E,btc_eur,btc_eur,bid,404.999,0.0552094,1450020080
65458731,BTC-E,btc_eur,btc_eur,bid,404.999,0.0577918,1450020080
65458730,BTC-E,btc_eur,btc_eur,bid,404.221,0.01,1450020080
65458729,BTC-E,btc_eur,btc_eur,bid,404.0,0.13656,1450020080
65458718,BTC-E,btc_eur,btc_eur,bid,404.0,0.0154399,1450020040
65458456,BTC-E,btc_eur,btc_eur,bid,403.0,0.0564298,1450019280
65458436,BTC-E,btc_eur,btc_eur,ask,403.0,0.0435702,1450019254
65458113,BTC-E,btc_eur,btc_eur,ask,403.0,0.03,1450018799
65457334,BTC-E,btc_eur,btc_eur,ask,403.0,0.100765,1450018253
65457296,BTC-E,btc_eur,btc_eur,ask,403.0,0.015819,1450018193
65457279,BTC-E,btc_eur,btc_eur,bid,404.0,0.055505,1450018154
65457278,BTC-E,btc_eur,btc_eur,bid,404.0,0.010215,1450018154
65457268,BTC-E,btc_eur,btc_eur,ask,403.0,0.0148456,1450018138
65457161,BTC-E,btc_eur,btc_eur,ask,403.473,0.39139,1450017831
65457160,BTC-E,btc_eur,btc_eur,bid,403.473,0.376957,1450017830
65457159,BTC-E,btc_eur,btc_eur,bid,403.473,0.010053,1450017830
65456853,BTC-E,btc_eur,btc_eur,bid,402.271,0.00954529,1450017415
65456785,BTC-E,btc_eur,btc_eur,bid,402.271,0.00233801,1450017380
65456782,BTC-E,btc_eur,btc_eur,bid,402.0,0.00767376,1450017380
65456778,BTC-E,btc_eur,btc_eur,bid,402.0,0.00254224,1450017379
65456777,BTC-E,btc_eur,btc_eur,bid,401.358,0.00746819,1450017379
65456771,BTC-E,btc_eur,btc_eur,bid,401.358,0.00628181,1450017379
65456770,BTC-E,btc_eur,btc_eur,bid,401.27,0.00373316,1450017379
65456755,BTC-E,btc_eur,btc_eur,bid,401.27,0.0100168,1450017377
65456753,BTC-E,btc_eur,btc_eur,bid,400.0,1.0E-8,1450017377
65456679,BTC-E,btc_eur,btc_eur,bid,400.0,0.010104,1450017366
65456675,BTC-E,btc_eur,btc_eur,bid,400.0,1.0,1450017366
65456672,BTC-E,btc_eur,btc_eur,bid,400.0,0.0568686,1450017366
65456621,BTC-E,btc_eur,btc_eur,bid,400.0,0.114855,1450017361
65456617,BTC-E,btc_eur,btc_eur,bid,400.0,0.875,1450017360
65456611,BTC-E,btc_eur,btc_eur,bid,400.0,0.01,1450017356
65470266,BTC-E,nvc_btc,nvc_btc,ask,0.00215,1.0,1450047184
65470001,BTC-E,nvc_btc,nvc_btc,ask,0.00215,6.46243,1450046073
65469999,BTC-E,nvc_btc,nvc_btc,bid,0.00215,0.1677,1450046063
65469997,BTC-E,nvc_btc,nvc_btc,ask,0.00215,9.9,1450046062
65469996,BTC-E,nvc_btc,nvc_btc,ask,0.00215,9.9,1450046062
65469995,BTC-E,nvc_btc,nvc_btc,ask,0.00215,0.1,1450046062
65469994,BTC-E,nvc_btc,nvc_btc,ask,0.00215,2.48718,1450046062
65469993,BTC-E,nvc_btc,nvc_btc,ask,0.00215,4.57767,1450046062
65469992,BTC-E,nvc_btc,nvc_btc,ask,0.00215,0.100237,1450046062
65469991,BTC-E,nvc_btc,nvc_btc,ask,0.00215,3.3,1450046062
65469990,BTC-E,nvc_btc,nvc_btc,ask,0.00215,0.375826,1450046062
65469989,BTC-E,nvc_btc,nvc_btc,ask,0.00215,1.47788,1450046062
65469978,BTC-E,nvc_btc,nvc_btc,ask,0.00216,12.0441,1450046047
65469972,BTC-E,nvc_btc,nvc_btc,ask,0.00216,8.90883,1450046039
65469142,BTC-E,nvc_btc,nvc_btc,bid,0.00219,0.376308,1450043566
65469141,BTC-E,nvc_btc,nvc_btc,bid,0.00218,0.635716,1450043566
65468736,BTC-E,nvc_btc,nvc_btc,bid,0.00218,4.36428,1450042585
65468735,BTC-E,nvc_btc,nvc_btc,bid,0.00218,1.35817,1450042585
65467201,BTC-E,nvc_btc,nvc_btc,ask,0.00216,0.100237,1450040811
65465693,BTC-E,nvc_btc,nvc_btc,ask,0.00215,7.21422,1450038271
65465689,BTC-E,nvc_btc,nvc_btc,ask,0.00219,11.206,1450038269
65465688,BTC-E,nvc_btc,nvc_btc,ask,0.00219,18.3929,1450038269
65465687,BTC-E,nvc_btc,nvc_btc,bid,0.00219,0.1,1450038269
65465686,BTC-E,nvc_btc,nvc_btc,bid,0.00219,3.02634,1450038269
65465685,BTC-E,nvc_btc,nvc_btc,bid,0.00219,5.31E-6,1450038269
65465645,BTC-E,nvc_btc,nvc_btc,bid,0.00218,9.9,1450038226
65465644,BTC-E,nvc_btc,nvc_btc,bid,0.00218,1.45521,1450038226
65465570,BTC-E,nvc_btc,nvc_btc,bid,0.00216,3.492,1450038059
65464751,BTC-E,nvc_btc,nvc_btc,ask,0.00215,11.3079,1450036181
65464750,BTC-E,nvc_btc,nvc_btc,ask,0.00215,1.67598,1450036181
65464700,BTC-E,nvc_btc,nvc_btc,ask,0.00216,7.70375,1450036079
65464192,BTC-E,nvc_btc,nvc_btc,bid,0.00216,7.81061,1450034389
65464191,BTC-E,nvc_btc,nvc_btc,ask,0.00216,15.5144,1450034388
65463849,BTC-E,nvc_btc,nvc_btc,bid,0.00216,15.5144,1450033321
65463697,BTC-E,nvc_btc,nvc_btc,bid,0.00216,0.708672,1450033010
65463589,BTC-E,nvc_btc,nvc_btc,bid,0.00216,2.87243,1450032711
65463283,BTC-E,nvc_btc,nvc_btc,bid,0.00216,0.904544,1450031742
65463281,BTC-E,nvc_btc,nvc_btc,bid,0.00216,1.70818,1450031742
65463133,BTC-E,nvc_btc,nvc_btc,bid,0.00216,3.14474,1450031151
65463078,BTC-E,nvc_btc,nvc_btc,bid,0.00216,3.09501,1450031033
65462906,BTC-E,nvc_btc,nvc_btc,ask,0.00216,2.71699,1450030192
65462520,BTC-E,nvc_btc,nvc_btc,bid,0.00217,1.29876,1450029283
65462429,BTC-E,nvc_btc,nvc_btc,bid,0.00217,1.932,1450028971
65462324,BTC-E,nvc_btc,nvc_btc,ask,0.00216,6.00409,1450028685
65462323,BTC-E,nvc_btc,nvc_btc,ask,0.00216,0.100237,1450028685
65461862,BTC-E,nvc_btc,nvc_btc,bid,0.00218,14.4897,1450027738
65461855,BTC-E,nvc_btc,nvc_btc,bid,0.00219,0.0999947,1450027721
65461854,BTC-E,nvc_btc,nvc_btc,bid,0.00219,16.9337,1450027721
65461853,BTC-E,nvc_btc,nvc_btc,bid,0.00219,63.9667,1450027721
65461852,BTC-E,nvc_btc,nvc_btc,bid,0.00219,0.1,1450027721
65461851,BTC-E,nvc_btc,nvc_btc,bid,0.00218,9.9,1450027721
65461841,BTC-E,nvc_btc,nvc_btc,ask,0.00216,0.99214,1450027705
65461829,BTC-E,nvc_btc,nvc_btc,ask,0.00216,4.51813,1450027676
65461700,BTC-E,nvc_btc,nvc_btc,bid,0.00218,2.48718,1450027241
65460803,BTC-E,nvc_btc,nvc_btc,ask,0.00216,2.06528,1450024761
65460802,BTC-E,nvc_btc,nvc_btc,ask,0.00216,0.100237,1450024761
65460801,BTC-E,nvc_btc,nvc_btc,ask,0.00216,1.32748,1450024761
65460638,BTC-E,nvc_btc,nvc_btc,ask,0.00216,1.70492,1450024415
65460376,BTC-E,nvc_btc,nvc_btc,ask,0.00216,5.3708,1450023774
65459536,BTC-E,nvc_btc,nvc_btc,bid,0.00218,4.57767,1450021131
65459313,BTC-E,nvc_btc,nvc_btc,bid,0.00218,16.7333,1450021012
65458691,BTC-E,nvc_btc,nvc_btc,ask,0.00216,1.5968,1450019873
65458575,BTC-E,nvc_btc,nvc_btc,ask,0.00217,0.699544,1450019684
65458574,BTC-E,nvc_btc,nvc_btc,bid,0.00218,1.6,1450019684
65457139,BTC-E,nvc_btc,nvc_btc,ask,0.00217,9.15263,1450017769
65455692,BTC-E,nvc_btc,nvc_btc,ask,0.00217,0.147824,1450017131
65455691,BTC-E,nvc_btc,nvc_btc,ask,0.00217,1.61E-6,1450017131
65455367,BTC-E,nvc_btc,nvc_btc,bid,0.00218,1.57247,1450015919
65455363,BTC-E,nvc_btc,nvc_btc,bid,0.00218,1.57247,1450015919
65454875,BTC-E,nvc_btc,nvc_btc,bid,0.00219,0.425203,1450014532
65454806,BTC-E,nvc_btc,nvc_btc,bid,0.00219,0.566937,1450014387
65454729,BTC-E,nvc_btc,nvc_btc,bid,0.00218,0.375826,1450014118
65454464,BTC-E,nvc_btc,nvc_btc,bid,0.00218,0.837991,1450013272
65454459,BTC-E,nvc_btc,nvc_btc,bid,0.00218,0.837992,1450013272
65454414,BTC-E,nvc_btc,nvc_btc,bid,0.00218,4.45299,1450013194
65454412,BTC-E,nvc_btc,nvc_btc,bid,0.00218,0.1,1450013194
65454409,BTC-E,nvc_btc,nvc_btc,bid,0.00218,0.0230413,1450013194
65454348,BTC-E,nvc_btc,nvc_btc,bid,0.00217,8.68856,1450012903
65454347,BTC-E,nvc_btc,nvc_btc,bid,0.00217,0.1,1450012903
65454333,BTC-E,nvc_btc,nvc_btc,ask,0.00214,5.42518,1450012856
65454332,BTC-E,nvc_btc,nvc_btc,ask,0.00214,0.100237,1450012856
65454076,BTC-E,nvc_btc,nvc_btc,bid,0.00218,0.0769587,1450011776
65454075,BTC-E,nvc_btc,nvc_btc,bid,0.00217,0.1,1450011776
65454074,BTC-E,nvc_btc,nvc_btc,bid,0.00217,0.1,1450011776
65454073,BTC-E,nvc_btc,nvc_btc,bid,0.00216,0.1,1450011776
65454024,BTC-E,nvc_btc,nvc_btc,ask,0.00213,124.215,1450011447
65454023,BTC-E,nvc_btc,nvc_btc,ask,0.00213,0.100237,1450011447
65454022,BTC-E,nvc_btc,nvc_btc,ask,0.00213,0.1,1450011447
65454021,BTC-E,nvc_btc,nvc_btc,ask,0.00214,0.101,1450011447
65454020,BTC-E,nvc_btc,nvc_btc,ask,0.00214,0.1,1450011447
65454019,BTC-E,nvc_btc,nvc_btc,ask,0.00214,0.100237,1450011447
65454018,BTC-E,nvc_btc,nvc_btc,ask,0.00215,0.21,1450011447
65454017,BTC-E,nvc_btc,nvc_btc,ask,0.00215,0.465125,1450011447
65454016,BTC-E,nvc_btc,nvc_btc,ask,0.00215,0.1,1450011447
65454015,BTC-E,nvc_btc,nvc_btc,ask,0.00215,0.100237,1450011447
65454014,BTC-E,nvc_btc,nvc_btc,ask,0.00217,74.531,1450011447
65453771,BTC-E,nvc_btc,nvc_btc,ask,0.00217,5.39317,1450010503
65452926,BTC-E,nvc_btc,nvc_btc,ask,0.00217,6.3909,1450007174
65451009,BTC-E,nvc_btc,nvc_btc,ask,0.00216,0.956772,1449997747
65451008,BTC-E,nvc_btc,nvc_btc,ask,0.00216,0.101,1449997747
65451007,BTC-E,nvc_btc,nvc_btc,ask,0.00216,0.1,1449997747
65451006,BTC-E,nvc_btc,nvc_btc,ask,0.00217,0.21,1449997747
65451005,BTC-E,nvc_btc,nvc_btc,ask,0.00217,0.1,1449997747
65451004,BTC-E,nvc_btc,nvc_btc,ask,0.00217,0.100237,1449997747
65451003,BTC-E,nvc_btc,nvc_btc,ask,0.00218,5.12778,1449997747
65451002,BTC-E,nvc_btc,nvc_btc,ask,0.00218,5.03733,1449997747
65451001,BTC-E,nvc_btc,nvc_btc,ask,0.00218,0.101,1449997747
65451000,BTC-E,nvc_btc,nvc_btc,ask,0.00218,0.1,1449997747
65450999,BTC-E,nvc_btc,nvc_btc,ask,0.00219,2.18484,1449997747
65450071,BTC-E,nvc_btc,nvc_btc,ask,0.00219,1.99E-6,1449995965
65450069,BTC-E,nvc_btc,nvc_btc,ask,0.00219,9.62827,1449995960
65450068,BTC-E,nvc_btc,nvc_btc,ask,0.00219,0.100237,1449995960
65450067,BTC-E,nvc_btc,nvc_btc,ask,0.00219,0.1,1449995960
65450066,BTC-E,nvc_btc,nvc_btc,ask,0.00219,0.64107,1449995960
65449866,BTC-E,nvc_btc,nvc_btc,ask,0.00219,4.58486,1449995333
65448615,BTC-E,nvc_btc,nvc_btc,ask,0.00219,4.67407,1449990372
65448614,BTC-E,nvc_btc,nvc_btc,ask,0.00219,1.07686,1449990372
65448580,BTC-E,nvc_btc,nvc_btc,ask,0.00219,1.31961,1449990077
65448360,BTC-E,nvc_btc,nvc_btc,ask,0.0022,0.1,1449989267
65448359,BTC-E,nvc_btc,nvc_btc,ask,0.00221,0.100237,1449989267
65447996,BTC-E,nvc_btc,nvc_btc,ask,0.00223,0.100237,1449987376
65447972,BTC-E,nvc_btc,nvc_btc,bid,0.00227,0.175741,1449987231
65447971,BTC-E,nvc_btc,nvc_btc,bid,0.00224,0.1,1449987231
65447965,BTC-E,nvc_btc,nvc_btc,bid,0.00228,8.39093,1449987219
65447964,BTC-E,nvc_btc,nvc_btc,bid,0.00228,29.9136,1449987219
65447963,BTC-E,nvc_btc,nvc_btc,bid,0.00227,11.2965,1449987219
65447962,BTC-E,nvc_btc,nvc_btc,bid,0.00226,0.2098,1449987219
65447961,BTC-E,nvc_btc,nvc_btc,bid,0.00226,0.1,1449987219
65447960,BTC-E,nvc_btc,nvc_btc,bid,0.00224,0.1,1449987219
65447959,BTC-E,nvc_btc,nvc_btc,bid,0.00223,0.1,1449987219
65447958,BTC-E,nvc_btc,nvc_btc,bid,0.00223,9.8901,1449987219
65447957,BTC-E,nvc_btc,nvc_btc,bid,0.00222,0.1,1449987219
65447915,BTC-E,nvc_btc,nvc_btc,ask,0.00219,7.50353,1449986840
65447914,BTC-E,nvc_btc,nvc_btc,ask,0.00219,0.1,1449986840
65447913,BTC-E,nvc_btc,nvc_btc,ask,0.00219,0.100237,1449986840
65447912,BTC-E,nvc_btc,nvc_btc,ask,0.0022,0.1,1449986840
65447911,BTC-E,nvc_btc,nvc_btc,ask,0.00221,0.1,1449986840
65447910,BTC-E,nvc_btc,nvc_btc,ask,0.00221,0.100237,1449986840
65446512,BTC-E,nvc_btc,nvc_btc,bid,0.00224,0.1,1449982220
65446510,BTC-E,nvc_btc,nvc_btc,bid,0.00224,0.1,1449982220
65446497,BTC-E,nvc_btc,nvc_btc,ask,0.0022,9.9,1449982213
65446496,BTC-E,nvc_btc,nvc_btc,ask,0.0022,0.1,1449982213
65446494,BTC-E,nvc_btc,nvc_btc,ask,0.00221,0.100237,1449982213
65446408,BTC-E,nvc_btc,nvc_btc,ask,0.00222,19.8,1449982073
65446380,BTC-E,nvc_btc,nvc_btc,bid,0.00225,19.8,1449981981
65446379,BTC-E,nvc_btc,nvc_btc,bid,0.00224,0.1,1449981981
65446378,BTC-E,nvc_btc,nvc_btc,bid,0.00224,0.1,1449981981
65446377,BTC-E,nvc_btc,nvc_btc,bid,0.00223,9.9,1449981981
65446375,BTC-E,nvc_btc,nvc_btc,bid,0.00223,0.300237,1449981981
65446323,BTC-E,nvc_btc,nvc_btc,ask,0.0022,40.2483,1449981949
65470742,BTC-E,nmc_usd,nmc_usd,ask,0.445,0.406,1450048902
65470741,BTC-E,nmc_usd,nmc_usd,bid,0.445,1.198,1450048901
65470736,BTC-E,nmc_usd,nmc_usd,ask,0.445,0.002,1450048897
65470735,BTC-E,nmc_usd,nmc_usd,bid,0.446,1.102,1450048897
65470734,BTC-E,nmc_usd,nmc_usd,bid,0.445,1.1,1450048896
65470670,BTC-E,nmc_usd,nmc_usd,ask,0.441,5.36102,1450048669
65470000,BTC-E,nmc_usd,nmc_usd,ask,0.44,491.0,1450046070
65469637,BTC-E,nmc_usd,nmc_usd,ask,0.44,133.994,1450045096
65469636,BTC-E,nmc_usd,nmc_usd,ask,0.44,121.122,1450045096
65469635,BTC-E,nmc_usd,nmc_usd,ask,0.44,44.8847,1450045096
65469590,BTC-E,nmc_usd,nmc_usd,ask,0.44,69.979,1450044979
65469589,BTC-E,nmc_usd,nmc_usd,ask,0.441,140.021,1450044979
65469584,BTC-E,nmc_usd,nmc_usd,ask,0.441,209.8,1450044973
65469583,BTC-E,nmc_usd,nmc_usd,ask,0.442,0.2002,1450044973
65469571,BTC-E,nmc_usd,nmc_usd,ask,0.441,99.7998,1450044925
65469570,BTC-E,nmc_usd,nmc_usd,ask,0.442,0.2002,1450044925
65469554,BTC-E,nmc_usd,nmc_usd,ask,0.442,0.2002,1450044863
65468812,BTC-E,nmc_usd,nmc_usd,ask,0.443,0.243,1450042708
65468792,BTC-E,nmc_usd,nmc_usd,ask,0.443,0.382,1450042679
65467872,BTC-E,nmc_usd,nmc_usd,ask,0.44,150.301,1450041649
65467871,BTC-E,nmc_usd,nmc_usd,ask,0.44,1.203,1450041649
65467870,BTC-E,nmc_usd,nmc_usd,ask,0.44,1.102,1450041649
65467869,BTC-E,nmc_usd,nmc_usd,ask,0.44,1.909,1450041649
65467868,BTC-E,nmc_usd,nmc_usd,ask,0.44,1.604,1450041649
65467867,BTC-E,nmc_usd,nmc_usd,ask,0.44,0.119861,1450041649
65467866,BTC-E,nmc_usd,nmc_usd,ask,0.44,10.0,1450041649
65467865,BTC-E,nmc_usd,nmc_usd,ask,0.44,50.0,1450041649
65467864,BTC-E,nmc_usd,nmc_usd,ask,0.44,0.10706,1450041649
65467863,BTC-E,nmc_usd,nmc_usd,ask,0.441,0.5,1450041649
65467862,BTC-E,nmc_usd,nmc_usd,ask,0.443,0.784,1450041649
65467580,BTC-E,nmc_usd,nmc_usd,ask,0.441,1.0,1450041546
65467497,BTC-E,nmc_usd,nmc_usd,ask,0.443,0.00889419,1450041480
65467496,BTC-E,nmc_usd,nmc_usd,ask,0.443,21.636,1450041480
65467495,BTC-E,nmc_usd,nmc_usd,ask,0.443,0.554,1450041480
65467436,BTC-E,nmc_usd,nmc_usd,ask,0.442,40.0,1450041386
65467434,BTC-E,nmc_usd,nmc_usd,ask,0.442,0.009,1450041380
65467433,BTC-E,nmc_usd,nmc_usd,ask,0.442,19.991,1450041380
65467432,BTC-E,nmc_usd,nmc_usd,ask,0.442,40.0,1450041380
65467431,BTC-E,nmc_usd,nmc_usd,ask,0.442,20.0,1450041380
65467430,BTC-E,nmc_usd,nmc_usd,ask,0.442,20.0,1450041380
65467429,BTC-E,nmc_usd,nmc_usd,ask,0.442,20.0,1450041380
65467428,BTC-E,nmc_usd,nmc_usd,ask,0.443,0.169,1450041380
65467348,BTC-E,nmc_usd,nmc_usd,bid,0.449,39.92,1450041114
65467347,BTC-E,nmc_usd,nmc_usd,bid,0.449,40.0,1450041114
65467346,BTC-E,nmc_usd,nmc_usd,ask,0.441,79.92,1450041113
65467345,BTC-E,nmc_usd,nmc_usd,ask,0.441,39.92,1450041109
65467344,BTC-E,nmc_usd,nmc_usd,ask,0.442,40.0,1450041109
65467343,BTC-E,nmc_usd,nmc_usd,ask,0.442,39.953,1450041105
65467342,BTC-E,nmc_usd,nmc_usd,ask,0.442,18.547,1450041105
65467341,BTC-E,nmc_usd,nmc_usd,ask,0.442,21.453,1450041104
65467340,BTC-E,nmc_usd,nmc_usd,ask,0.443,1.027,1450041104
65467316,BTC-E,nmc_usd,nmc_usd,ask,0.442,36.39,1450041075
65467315,BTC-E,nmc_usd,nmc_usd,ask,0.442,39.9,1450041074
65467313,BTC-E,nmc_usd,nmc_usd,ask,0.442,41.29,1450041073
65467309,BTC-E,nmc_usd,nmc_usd,ask,0.442,50.0,1450041072
65467302,BTC-E,nmc_usd,nmc_usd,ask,0.441,118.82,1450041071
65467301,BTC-E,nmc_usd,nmc_usd,ask,0.441,54.87,1450041070
65467300,BTC-E,nmc_usd,nmc_usd,ask,0.441,7.40054,1450041070
65467299,BTC-E,nmc_usd,nmc_usd,ask,0.441,10.02,1450041070
65467298,BTC-E,nmc_usd,nmc_usd,ask,0.441,5.07,1450041070
65467297,BTC-E,nmc_usd,nmc_usd,ask,0.441,1.102,1450041070
65467296,BTC-E,nmc_usd,nmc_usd,ask,0.441,1.203,1450041070
65467295,BTC-E,nmc_usd,nmc_usd,ask,0.441,1.604,1450041070
65467294,BTC-E,nmc_usd,nmc_usd,ask,0.441,1.0,1450041070
65467293,BTC-E,nmc_usd,nmc_usd,ask,0.441,2.525,1450041070
65467292,BTC-E,nmc_usd,nmc_usd,ask,0.441,0.10706,1450041070
65467291,BTC-E,nmc_usd,nmc_usd,ask,0.442,46.3884,1450041070
65467290,BTC-E,nmc_usd,nmc_usd,ask,0.442,250.0,1450041069
65467289,BTC-E,nmc_usd,nmc_usd,ask,0.442,63.6116,1450041068
65467288,BTC-E,nmc_usd,nmc_usd,ask,0.442,11.9927,1450041068
65467287,BTC-E,nmc_usd,nmc_usd,ask,0.442,0.11,1450041068
65467286,BTC-E,nmc_usd,nmc_usd,ask,0.442,0.11,1450041068
65467285,BTC-E,nmc_usd,nmc_usd,ask,0.442,0.11,1450041068
65467284,BTC-E,nmc_usd,nmc_usd,ask,0.442,0.1,1450041068
65467283,BTC-E,nmc_usd,nmc_usd,ask,0.442,0.11,1450041068
65467282,BTC-E,nmc_usd,nmc_usd,ask,0.442,0.11,1450041068
65467281,BTC-E,nmc_usd,nmc_usd,ask,0.442,0.99,1450041068
65467280,BTC-E,nmc_usd,nmc_usd,ask,0.442,0.11,1450041068
65467279,BTC-E,nmc_usd,nmc_usd,ask,0.442,0.77,1450041068
65467278,BTC-E,nmc_usd,nmc_usd,ask,0.442,0.66,1450041068
65467277,BTC-E,nmc_usd,nmc_usd,ask,0.442,14.965,1450041068
65467276,BTC-E,nmc_usd,nmc_usd,ask,0.442,14.495,1450041068
65467275,BTC-E,nmc_usd,nmc_usd,ask,0.442,12.253,1450041068
65467274,BTC-E,nmc_usd,nmc_usd,ask,0.442,1.102,1450041068
65467273,BTC-E,nmc_usd,nmc_usd,ask,0.442,1.203,1450041068
65467272,BTC-E,nmc_usd,nmc_usd,ask,0.442,1.909,1450041068
65467271,BTC-E,nmc_usd,nmc_usd,ask,0.442,275.289,1450041068
65467270,BTC-E,nmc_usd,nmc_usd,ask,0.442,201.691,1450041067
65467269,BTC-E,nmc_usd,nmc_usd,ask,0.443,0.126,1450041067
65467268,BTC-E,nmc_usd,nmc_usd,ask,0.443,3.9,1450041067
65467267,BTC-E,nmc_usd,nmc_usd,ask,0.444,3.25559,1450041067
65467266,BTC-E,nmc_usd,nmc_usd,ask,0.445,0.771573,1450041067
65467265,BTC-E,nmc_usd,nmc_usd,ask,0.445,10.03,1450041067
65467264,BTC-E,nmc_usd,nmc_usd,ask,0.445,3.0,1450041067
65467263,BTC-E,nmc_usd,nmc_usd,ask,0.445,87.2262,1450041067
65467027,BTC-E,nmc_usd,nmc_usd,ask,0.445,0.152205,1450040421
65466758,BTC-E,nmc_usd,nmc_usd,ask,0.445,6.35458,1450039841
65465976,BTC-E,nmc_usd,nmc_usd,ask,0.445,48.5321,1450038972
65465517,BTC-E,nmc_usd,nmc_usd,ask,0.445,18.1282,1450037799
65465509,BTC-E,nmc_usd,nmc_usd,ask,0.445,48.0402,1450037779
65465396,BTC-E,nmc_usd,nmc_usd,ask,0.445,2.45244,1450037398
65465395,BTC-E,nmc_usd,nmc_usd,ask,0.446,7.52268,1450037398
65465394,BTC-E,nmc_usd,nmc_usd,ask,0.446,0.996739,1450037398
65465235,BTC-E,nmc_usd,nmc_usd,ask,0.446,8.92469,1450036771
65465234,BTC-E,nmc_usd,nmc_usd,ask,0.446,5.52064,1450036770
65465230,BTC-E,nmc_usd,nmc_usd,ask,0.446,8.55033,1450036769
65465229,BTC-E,nmc_usd,nmc_usd,ask,0.446,4.68048,1450036768
65465228,BTC-E,nmc_usd,nmc_usd,ask,0.446,4.96224,1450036767
65465227,BTC-E,nmc_usd,nmc_usd,ask,0.446,6.05098,1450036766
65465226,BTC-E,nmc_usd,nmc_usd,ask,0.446,5.23252,1450036766
65465225,BTC-E,nmc_usd,nmc_usd,ask,0.446,5.1525,1450036762
65465224,BTC-E,nmc_usd,nmc_usd,ask,0.446,6.87292,1450036761
65465223,BTC-E,nmc_usd,nmc_usd,ask,0.446,6.30003,1450036760
65465221,BTC-E,nmc_usd,nmc_usd,ask,0.446,5.95698,1450036760
65465220,BTC-E,nmc_usd,nmc_usd,ask,0.446,5.79895,1450036759
65464973,BTC-E,nmc_usd,nmc_usd,bid,0.45,0.764529,1450036361
65464972,BTC-E,nmc_usd,nmc_usd,bid,0.45,0.998,1450036361
65464971,BTC-E,nmc_usd,nmc_usd,bid,0.45,23.6206,1450036361
65464657,BTC-E,nmc_usd,nmc_usd,bid,0.45,6.22439,1450035883
65464060,BTC-E,nmc_usd,nmc_usd,ask,0.445,49.3241,1450034004
65464052,BTC-E,nmc_usd,nmc_usd,ask,0.445,39.79,1450033993
65463944,BTC-E,nmc_usd,nmc_usd,ask,0.446,0.100248,1450033476
65462947,BTC-E,nmc_usd,nmc_usd,bid,0.448,0.1,1450030398
65462239,BTC-E,nmc_usd,nmc_usd,ask,0.445,1.58553,1450028405
65462236,BTC-E,nmc_usd,nmc_usd,ask,0.445,0.243046,1450028404
65462235,BTC-E,nmc_usd,nmc_usd,ask,0.445,0.243046,1450028403
65462234,BTC-E,nmc_usd,nmc_usd,ask,0.445,0.243046,1450028403
65462233,BTC-E,nmc_usd,nmc_usd,ask,0.445,0.243046,1450028403
65462232,BTC-E,nmc_usd,nmc_usd,ask,0.445,0.243046,1450028403
65462231,BTC-E,nmc_usd,nmc_usd,ask,0.445,0.243046,1450028403
65462223,BTC-E,nmc_usd,nmc_usd,ask,0.445,1.50677,1450028400
65461970,BTC-E,nmc_usd,nmc_usd,ask,0.442,10.227,1450027806
65461964,BTC-E,nmc_usd,nmc_usd,ask,0.445,13.9324,1450027805
65461800,BTC-E,nmc_usd,nmc_usd,ask,0.442,210.0,1450027566
65461799,BTC-E,nmc_usd,nmc_usd,ask,0.442,2.43506,1450027566
65461798,BTC-E,nmc_usd,nmc_usd,ask,0.442,1.045,1450027566
65461797,BTC-E,nmc_usd,nmc_usd,ask,0.442,3.536,1450027566
65461796,BTC-E,nmc_usd,nmc_usd,ask,0.442,0.107062,1450027566
65461795,BTC-E,nmc_usd,nmc_usd,ask,0.443,0.1,1450027566
65461794,BTC-E,nmc_usd,nmc_usd,ask,0.443,1.102,1450027566
65461793,BTC-E,nmc_usd,nmc_usd,ask,0.443,1.203,1450027566
65461792,BTC-E,nmc_usd,nmc_usd,ask,0.443,1.604,1450027566
65461791,BTC-E,nmc_usd,nmc_usd,ask,0.443,0.1,1450027566
65461790,BTC-E,nmc_usd,nmc_usd,ask,0.443,1.909,1450027566
65461789,BTC-E,nmc_usd,nmc_usd,ask,0.443,0.106674,1450027566
65461788,BTC-E,nmc_usd,nmc_usd,ask,0.443,1.0,1450027566
65461787,BTC-E,nmc_usd,nmc_usd,ask,0.443,2.525,1450027566
65461786,BTC-E,nmc_usd,nmc_usd,ask,0.444,3.9,1450027566
65461785,BTC-E,nmc_usd,nmc_usd,ask,0.444,51.5372,1450027566
65461784,BTC-E,nmc_usd,nmc_usd,ask,0.445,27.79,1450027566
65470534,BTC-E,eur_usd,eur_usd,ask,1.0704,0.169979,1450048349
65470532,BTC-E,eur_usd,eur_usd,ask,1.07274,0.2,1450048349
65470530,BTC-E,eur_usd,eur_usd,ask,1.07263,0.2,1450048334
65470296,BTC-E,eur_usd,eur_usd,bid,1.07884,0.05,1450047362
65470295,BTC-E,eur_usd,eur_usd,bid,1.07883,0.1,1450047362
65470257,BTC-E,eur_usd,eur_usd,ask,1.07041,0.12,1450047149
65470154,BTC-E,eur_usd,eur_usd,ask,1.0704,0.380244,1450046451
65469862,BTC-E,eur_usd,eur_usd,ask,1.07041,0.11654,1450045607
65469502,BTC-E,eur_usd,eur_usd,ask,1.07291,0.2,1450044766
65469316,BTC-E,eur_usd,eur_usd,ask,1.0728,0.2,1450044044
65469057,BTC-E,eur_usd,eur_usd,bid,1.07895,0.1,1450043234
65468740,BTC-E,eur_usd,eur_usd,ask,1.07302,0.2,1450042600
65468171,BTC-E,eur_usd,eur_usd,ask,1.07291,0.2,1450041778
65467219,BTC-E,eur_usd,eur_usd,bid,1.07907,0.2,1450040868
65466836,BTC-E,eur_usd,eur_usd,ask,1.07287,0.401678,1450040005
65466835,BTC-E,eur_usd,eur_usd,ask,1.07287,0.2,1450040005
65466401,BTC-E,eur_usd,eur_usd,ask,1.073,0.2,1450039532
65465984,BTC-E,eur_usd,eur_usd,ask,1.07302,0.116633,1450039003
65465480,BTC-E,eur_usd,eur_usd,ask,1.07289,0.2,1450037686
65465260,BTC-E,eur_usd,eur_usd,bid,1.07995,10.8419,1450036839
65465259,BTC-E,eur_usd,eur_usd,bid,1.07994,4.186,1450036839
65465258,BTC-E,eur_usd,eur_usd,bid,1.07994,6.02022,1450036839
65465257,BTC-E,eur_usd,eur_usd,bid,1.07994,0.2,1450036839
65465256,BTC-E,eur_usd,eur_usd,bid,1.07993,0.1,1450036839
65465069,BTC-E,eur_usd,eur_usd,bid,1.07993,0.1,1450036522
65464584,BTC-E,eur_usd,eur_usd,bid,1.07993,0.1,1450035683
65464339,BTC-E,eur_usd,eur_usd,bid,1.07995,4.65292,1450034929
65464331,BTC-E,eur_usd,eur_usd,bid,1.07995,62.1151,1450034908
65464330,BTC-E,eur_usd,eur_usd,bid,1.07983,0.998,1450034908
65464329,BTC-E,eur_usd,eur_usd,bid,1.07983,5.06157,1450034908
65464328,BTC-E,eur_usd,eur_usd,bid,1.07983,0.2,1450034907
65464327,BTC-E,eur_usd,eur_usd,bid,1.0797,0.998,1450034907
65464326,BTC-E,eur_usd,eur_usd,bid,1.0797,0.398,1450034907
65464325,BTC-E,eur_usd,eur_usd,bid,1.07969,100.0,1450034907
65464324,BTC-E,eur_usd,eur_usd,bid,1.07968,93.495,1450034907
65464323,BTC-E,eur_usd,eur_usd,bid,1.07966,0.2,1450034907
65464322,BTC-E,eur_usd,eur_usd,bid,1.0794,0.2,1450034907
65464321,BTC-E,eur_usd,eur_usd,bid,1.07889,0.2,1450034907
65464320,BTC-E,eur_usd,eur_usd,bid,1.07888,0.1,1450034907
65464229,BTC-E,eur_usd,eur_usd,bid,1.079,0.500001,1450034559
65464026,BTC-E,eur_usd,eur_usd,ask,1.074,1.0E-8,1450033807
65463736,BTC-E,eur_usd,eur_usd,ask,1.074,0.100001,1450033124
65463735,BTC-E,eur_usd,eur_usd,ask,1.074,0.100001,1450033124
65463734,BTC-E,eur_usd,eur_usd,ask,1.074,0.100001,1450033124
65463732,BTC-E,eur_usd,eur_usd,ask,1.07899,0.199676,1450033124
65463646,BTC-E,eur_usd,eur_usd,ask,1.0701,31.677,1450032794
65463645,BTC-E,eur_usd,eur_usd,ask,1.0702,93.6824,1450032794
65463644,BTC-E,eur_usd,eur_usd,ask,1.07028,1.65,1450032794
65463643,BTC-E,eur_usd,eur_usd,ask,1.0703,152.266,1450032794
65463642,BTC-E,eur_usd,eur_usd,ask,1.0703,0.2,1450032794
65463641,BTC-E,eur_usd,eur_usd,ask,1.07033,0.2,1450032794
65463640,BTC-E,eur_usd,eur_usd,ask,1.07038,0.2,1450032794
65463638,BTC-E,eur_usd,eur_usd,ask,1.0704,0.2,1450032794
65463636,BTC-E,eur_usd,eur_usd,ask,1.07056,30.594,1450032794
65463635,BTC-E,eur_usd,eur_usd,ask,1.07069,3.03228,1450032794
65463634,BTC-E,eur_usd,eur_usd,ask,1.07069,1.76,1450032794
65463633,BTC-E,eur_usd,eur_usd,ask,1.07088,0.2,1450032794
65463632,BTC-E,eur_usd,eur_usd,ask,1.07093,0.635724,1450032794
65463631,BTC-E,eur_usd,eur_usd,ask,1.071,72.1589,1450032794
65463630,BTC-E,eur_usd,eur_usd,ask,1.071,39.5568,1450032794
65463629,BTC-E,eur_usd,eur_usd,ask,1.07104,6.29401,1450032794
65463628,BTC-E,eur_usd,eur_usd,ask,1.07104,1.54,1450032794
65463627,BTC-E,eur_usd,eur_usd,ask,1.0714,6.4579,1450032794
65463626,BTC-E,eur_usd,eur_usd,ask,1.07168,0.2,1450032794
65463625,BTC-E,eur_usd,eur_usd,ask,1.07172,6.4799,1450032794
65463624,BTC-E,eur_usd,eur_usd,ask,1.07179,0.2,1450032794
65463623,BTC-E,eur_usd,eur_usd,ask,1.07191,16.4829,1450032794
65463622,BTC-E,eur_usd,eur_usd,ask,1.07193,0.402734,1450032794
65463621,BTC-E,eur_usd,eur_usd,ask,1.07194,13.2292,1450032794
65463620,BTC-E,eur_usd,eur_usd,ask,1.07352,0.2,1450032794
65463619,BTC-E,eur_usd,eur_usd,ask,1.074,0.100001,1450032794
65463618,BTC-E,eur_usd,eur_usd,ask,1.074,0.100001,1450032794
65463617,BTC-E,eur_usd,eur_usd,ask,1.07401,0.1,1450032794
65463616,BTC-E,eur_usd,eur_usd,ask,1.07413,0.1,1450032794
65463615,BTC-E,eur_usd,eur_usd,ask,1.07414,0.1,1450032794
65463571,BTC-E,eur_usd,eur_usd,ask,1.07413,0.1,1450032633
65463515,BTC-E,eur_usd,eur_usd,bid,1.07402,0.1,1450032514
65463431,BTC-E,eur_usd,eur_usd,ask,1.07958,0.1,1450032275
65463421,BTC-E,eur_usd,eur_usd,bid,1.07958,0.1,1450032210
65463402,BTC-E,eur_usd,eur_usd,ask,1.07969,0.1,1450032102
65463401,BTC-E,eur_usd,eur_usd,bid,1.07969,0.1,1450032099
65463259,BTC-E,eur_usd,eur_usd,ask,1.07321,0.116646,1450031652
65463258,BTC-E,eur_usd,eur_usd,ask,1.07321,0.2,1450031652
65463016,BTC-E,eur_usd,eur_usd,ask,1.07411,0.2,1450030773
65462859,BTC-E,eur_usd,eur_usd,ask,1.074,0.100001,1450030069
65462636,BTC-E,eur_usd,eur_usd,bid,1.0795,1.34171,1450029497
65462635,BTC-E,eur_usd,eur_usd,bid,1.0795,19.7571,1450029497
65462633,BTC-E,eur_usd,eur_usd,bid,1.07929,0.2,1450029497
65462446,BTC-E,eur_usd,eur_usd,bid,1.0794,0.2,1450029001
65462160,BTC-E,eur_usd,eur_usd,ask,1.07192,0.342251,1450028202
65462159,BTC-E,eur_usd,eur_usd,ask,1.072,0.100001,1450028202
65462158,BTC-E,eur_usd,eur_usd,ask,1.07203,0.2,1450028202
65462156,BTC-E,eur_usd,eur_usd,ask,1.074,0.100001,1450028202
65462094,BTC-E,eur_usd,eur_usd,bid,1.0795,8.30352,1450028005
65462093,BTC-E,eur_usd,eur_usd,bid,1.0793,0.2,1450028005
65462092,BTC-E,eur_usd,eur_usd,bid,1.07918,0.997997,1450028005
65462091,BTC-E,eur_usd,eur_usd,bid,1.07918,0.144611,1450028005
65462090,BTC-E,eur_usd,eur_usd,bid,1.07916,0.17837,1450028005
65462089,BTC-E,eur_usd,eur_usd,bid,1.07905,0.2,1450028005
65462088,BTC-E,eur_usd,eur_usd,bid,1.0781,0.2,1450028005
65462087,BTC-E,eur_usd,eur_usd,bid,1.0776,0.1,1450028005
65462086,BTC-E,eur_usd,eur_usd,bid,1.077,0.500001,1450028005
65462085,BTC-E,eur_usd,eur_usd,bid,1.07497,0.0230541,1450028005
65462084,BTC-E,eur_usd,eur_usd,bid,1.07497,10.8866,1450027994
65462083,BTC-E,eur_usd,eur_usd,bid,1.07486,10.9108,1450027986
65462062,BTC-E,eur_usd,eur_usd,ask,1.07192,1.58163,1450027920
65462061,BTC-E,eur_usd,eur_usd,ask,1.072,0.100001,1450027920
65462060,BTC-E,eur_usd,eur_usd,ask,1.07298,0.2,1450027920
65461993,BTC-E,eur_usd,eur_usd,bid,1.07916,0.0216303,1450027813
65461992,BTC-E,eur_usd,eur_usd,bid,1.07846,0.2,1450027813
65461991,BTC-E,eur_usd,eur_usd,bid,1.078,0.500001,1450027813
65461990,BTC-E,eur_usd,eur_usd,bid,1.07769,0.1,1450027813
65461988,BTC-E,eur_usd,eur_usd,bid,1.07227,3.2,1450027813
65461985,BTC-E,eur_usd,eur_usd,bid,1.07226,1.7E-7,1450027812
65461982,BTC-E,eur_usd,eur_usd,bid,1.07226,16.9792,1450027812
65461979,BTC-E,eur_usd,eur_usd,ask,1.07191,0.893566,1450027810
65461974,BTC-E,eur_usd,eur_usd,ask,1.072,0.100001,1450027808
65461967,BTC-E,eur_usd,eur_usd,bid,1.07202,1.88141,1450027805
65461953,BTC-E,eur_usd,eur_usd,bid,1.07203,2.4193,1450027803
65461944,BTC-E,eur_usd,eur_usd,ask,1.07203,2.0,1450027802
65461943,BTC-E,eur_usd,eur_usd,ask,1.07203,17.3985,1450027802
65461941,BTC-E,eur_usd,eur_usd,ask,1.07215,2.0,1450027802
65461940,BTC-E,eur_usd,eur_usd,ask,1.07215,19.6086,1450027802
65461939,BTC-E,eur_usd,eur_usd,ask,1.07227,1.0,1450027802
65461938,BTC-E,eur_usd,eur_usd,ask,1.07227,3.0,1450027802
65461937,BTC-E,eur_usd,eur_usd,ask,1.07227,1.54,1450027802
65461936,BTC-E,eur_usd,eur_usd,ask,1.07228,0.0127872,1450027802
65461934,BTC-E,eur_usd,eur_usd,ask,1.07228,1.98721,1450027802
65461932,BTC-E,eur_usd,eur_usd,ask,1.07228,1.0,1450027802
65461931,BTC-E,eur_usd,eur_usd,ask,1.07228,0.2,1450027802
65461633,BTC-E,eur_usd,eur_usd,ask,1.0724,0.1002,1450027037
65461354,BTC-E,eur_usd,eur_usd,ask,1.07241,0.11,1450026258
65461127,BTC-E,eur_usd,eur_usd,ask,1.07229,3.77109,1450025468
65460941,BTC-E,eur_usd,eur_usd,ask,1.0724,0.2,1450025180
65460698,BTC-E,eur_usd,eur_usd,ask,1.07229,2.33219,1450024612
65460697,BTC-E,eur_usd,eur_usd,ask,1.07257,0.11,1450024612
65460696,BTC-E,eur_usd,eur_usd,ask,1.0729,0.2,1450024612
65460695,BTC-E,eur_usd,eur_usd,ask,1.0729,0.117159,1450024612
65460694,BTC-E,eur_usd,eur_usd,ask,1.0729,0.2,1450024612
65460599,BTC-E,eur_usd,eur_usd,bid,1.07918,0.0553886,1450024263
65460598,BTC-E,eur_usd,eur_usd,bid,1.07916,0.2,1450024263
65460597,BTC-E,eur_usd,eur_usd,bid,1.07916,0.2,1450024263
65460596,BTC-E,eur_usd,eur_usd,bid,1.07906,0.2,1450024263
65460595,BTC-E,eur_usd,eur_usd,bid,1.07894,0.2,1450024263
65460377,BTC-E,eur_usd,eur_usd,bid,1.07905,0.1,1450023783
65460214,BTC-E,eur_usd,eur_usd,ask,1.07311,0.2,1450023190
65460024,BTC-E,eur_usd,eur_usd,ask,1.073,0.2,1450022627
65459756,BTC-E,eur_usd,eur_usd,bid,1.07917,0.2,1450021839
65459534,BTC-E,eur_usd,eur_usd,ask,1.07242,0.11,1450021127
65459070,BTC-E,eur_usd,eur_usd,ask,1.07242,1.65,1450020804
65470268,BTC-E,nvc_usd,nvc_usd,ask,0.932,0.999,1450047184
65470003,BTC-E,nvc_usd,nvc_usd,ask,0.932,6.45597,1450046073
65469982,BTC-E,nvc_usd,nvc_usd,ask,0.933,10.0,1450046047
65469981,BTC-E,nvc_usd,nvc_usd,ask,0.933,1.0021,1450046047
65469979,BTC-E,nvc_usd,nvc_usd,ask,0.933,1.03,1450046047
65469977,BTC-E,nvc_usd,nvc_usd,ask,0.934,0.5,1450046039
65469976,BTC-E,nvc_usd,nvc_usd,ask,0.934,1.0021,1450046039
65469975,BTC-E,nvc_usd,nvc_usd,ask,0.934,6.39573,1450046039
65469974,BTC-E,nvc_usd,nvc_usd,ask,0.935,1.0021,1450046039
65468734,BTC-E,nvc_usd,nvc_usd,bid,0.942,5.71674,1450042585
65467439,BTC-E,nvc_usd,nvc_usd,ask,0.934,4.60427,1450041393
65467438,BTC-E,nvc_usd,nvc_usd,ask,0.935,1.0021,1450041393
65467203,BTC-E,nvc_usd,nvc_usd,bid,0.939,0.100338,1450040811
65465778,BTC-E,nvc_usd,nvc_usd,ask,0.945,0.52312,1450038389
65465690,BTC-E,nvc_usd,nvc_usd,bid,0.945,18.4571,1450038269
65465502,BTC-E,nvc_usd,nvc_usd,bid,0.934,0.384,1450037722
65465500,BTC-E,nvc_usd,nvc_usd,ask,0.934,2.605,1450037717
65465499,BTC-E,nvc_usd,nvc_usd,ask,0.934,1.0,1450037717
65465498,BTC-E,nvc_usd,nvc_usd,ask,0.934,1.0021,1450037717
65465497,BTC-E,nvc_usd,nvc_usd,ask,0.934,1.65,1450037717
65465496,BTC-E,nvc_usd,nvc_usd,ask,0.934,1.76,1450037717
65465495,BTC-E,nvc_usd,nvc_usd,ask,0.934,1.65,1450037717
65465494,BTC-E,nvc_usd,nvc_usd,ask,0.934,0.11,1450037717
65465493,BTC-E,nvc_usd,nvc_usd,ask,0.934,1.65,1450037717
65465492,BTC-E,nvc_usd,nvc_usd,ask,0.934,310.0,1450037717
65465491,BTC-E,nvc_usd,nvc_usd,ask,0.935,91.6579,1450037717
65465490,BTC-E,nvc_usd,nvc_usd,ask,0.935,5.06193,1450037717
65465489,BTC-E,nvc_usd,nvc_usd,ask,0.935,1.0021,1450037717
65465488,BTC-E,nvc_usd,nvc_usd,ask,0.935,1.76,1450037717
65465487,BTC-E,nvc_usd,nvc_usd,ask,0.935,3.14159,1450037717
65465486,BTC-E,nvc_usd,nvc_usd,ask,0.936,1.0021,1450037717
65465485,BTC-E,nvc_usd,nvc_usd,ask,0.936,1.60181,1450037717
65465484,BTC-E,nvc_usd,nvc_usd,ask,0.937,1.0021,1450037717
65465483,BTC-E,nvc_usd,nvc_usd,ask,0.937,139.488,1450037717
65465482,BTC-E,nvc_usd,nvc_usd,ask,0.941,3.5,1450037717
65465336,BTC-E,nvc_usd,nvc_usd,bid,0.945,22.757,1450037051
65465335,BTC-E,nvc_usd,nvc_usd,bid,0.944,1.0,1450037051
65465334,BTC-E,nvc_usd,nvc_usd,bid,0.943,1.0,1450037051
65465333,BTC-E,nvc_usd,nvc_usd,bid,0.943,1.0,1450037051
65465027,BTC-E,nvc_usd,nvc_usd,ask,0.937,5.10272,1450036462
65465024,BTC-E,nvc_usd,nvc_usd,bid,0.942,1.0,1450036459
65465023,BTC-E,nvc_usd,nvc_usd,bid,0.942,3.0,1450036459
65465022,BTC-E,nvc_usd,nvc_usd,bid,0.942,3.0,1450036459
65465021,BTC-E,nvc_usd,nvc_usd,bid,0.942,3.0,1450036459
65465020,BTC-E,nvc_usd,nvc_usd,bid,0.942,3.0,1450036459
65465019,BTC-E,nvc_usd,nvc_usd,bid,0.942,2.71681,1450036459
65464615,BTC-E,nvc_usd,nvc_usd,ask,0.937,5.40922,1450035842
65463858,BTC-E,nvc_usd,nvc_usd,ask,0.936,0.0481899,1450033322
65463857,BTC-E,nvc_usd,nvc_usd,ask,0.937,15.4507,1450033321
65463855,BTC-E,nvc_usd,nvc_usd,ask,0.937,4.54935,1450033321
65463854,BTC-E,nvc_usd,nvc_usd,ask,0.937,3.14159,1450033321
65463853,BTC-E,nvc_usd,nvc_usd,ask,0.937,3.14159,1450033321
65463852,BTC-E,nvc_usd,nvc_usd,ask,0.937,3.14159,1450033321
65463851,BTC-E,nvc_usd,nvc_usd,ask,0.937,1.52472,1450033321
65463739,BTC-E,nvc_usd,nvc_usd,bid,0.942,0.283185,1450033130
65463738,BTC-E,nvc_usd,nvc_usd,bid,0.942,2.85841,1450033130
65463716,BTC-E,nvc_usd,nvc_usd,bid,0.942,0.141593,1450033071
65463715,BTC-E,nvc_usd,nvc_usd,bid,0.942,3.0,1450033071
65463696,BTC-E,nvc_usd,nvc_usd,bid,0.942,0.707963,1450033010
65463695,BTC-E,nvc_usd,nvc_usd,bid,0.942,2.43363,1450033010
65463684,BTC-E,nvc_usd,nvc_usd,bid,0.942,0.56637,1450032950
65463683,BTC-E,nvc_usd,nvc_usd,bid,0.942,2.57522,1450032950
65463663,BTC-E,nvc_usd,nvc_usd,bid,0.942,0.424778,1450032891
65463662,BTC-E,nvc_usd,nvc_usd,bid,0.942,2.71681,1450032891
65463651,BTC-E,nvc_usd,nvc_usd,bid,0.942,0.283185,1450032830
65463650,BTC-E,nvc_usd,nvc_usd,bid,0.942,2.85841,1450032830
65463613,BTC-E,nvc_usd,nvc_usd,bid,0.942,0.141593,1450032770
65463612,BTC-E,nvc_usd,nvc_usd,bid,0.942,3.0,1450032770
65463587,BTC-E,nvc_usd,nvc_usd,bid,0.942,2.86956,1450032711
65463586,BTC-E,nvc_usd,nvc_usd,bid,0.942,0.272037,1450032711
65463580,BTC-E,nvc_usd,nvc_usd,bid,0.942,2.72796,1450032650
65463579,BTC-E,nvc_usd,nvc_usd,bid,0.942,0.41363,1450032650
65463547,BTC-E,nvc_usd,nvc_usd,bid,0.942,2.58637,1450032590
65463546,BTC-E,nvc_usd,nvc_usd,bid,0.942,0.555222,1450032590
65463521,BTC-E,nvc_usd,nvc_usd,bid,0.942,3.14159,1450032530
65463486,BTC-E,nvc_usd,nvc_usd,bid,0.942,3.14159,1450032470
65463456,BTC-E,nvc_usd,nvc_usd,bid,0.942,3.14159,1450032411
65463448,BTC-E,nvc_usd,nvc_usd,bid,0.942,0.283185,1450032351
65463447,BTC-E,nvc_usd,nvc_usd,bid,0.942,2.85841,1450032351
65463439,BTC-E,nvc_usd,nvc_usd,bid,0.942,0.141593,1450032302
65463438,BTC-E,nvc_usd,nvc_usd,bid,0.942,3.0,1450032302
65463434,BTC-E,nvc_usd,nvc_usd,ask,0.937,1.61688,1450032291
65463433,BTC-E,nvc_usd,nvc_usd,ask,0.937,1.38312,1450032291
65463425,BTC-E,nvc_usd,nvc_usd,ask,0.937,1.75847,1450032231
65463424,BTC-E,nvc_usd,nvc_usd,ask,0.937,1.24153,1450032231
65463419,BTC-E,nvc_usd,nvc_usd,ask,0.937,1.90006,1450032171
65463418,BTC-E,nvc_usd,nvc_usd,ask,0.937,1.09994,1450032171
65463406,BTC-E,nvc_usd,nvc_usd,ask,0.937,2.04165,1450032110
65463405,BTC-E,nvc_usd,nvc_usd,ask,0.937,0.958345,1450032110
65463387,BTC-E,nvc_usd,nvc_usd,ask,0.937,2.18325,1450032051
65463386,BTC-E,nvc_usd,nvc_usd,ask,0.937,0.816753,1450032051
65463366,BTC-E,nvc_usd,nvc_usd,ask,0.937,2.32484,1450031990
65463365,BTC-E,nvc_usd,nvc_usd,ask,0.937,0.67516,1450031990
65463351,BTC-E,nvc_usd,nvc_usd,ask,0.937,2.46643,1450031930
65463350,BTC-E,nvc_usd,nvc_usd,ask,0.937,0.533568,1450031930
65463315,BTC-E,nvc_usd,nvc_usd,ask,0.937,0.468532,1450031870
65463314,BTC-E,nvc_usd,nvc_usd,ask,0.937,2.53147,1450031870
65463298,BTC-E,nvc_usd,nvc_usd,ask,0.937,0.610125,1450031810
65463297,BTC-E,nvc_usd,nvc_usd,ask,0.937,2.38987,1450031810
65463287,BTC-E,nvc_usd,nvc_usd,ask,0.937,3.0,1450031750
65463280,BTC-E,nvc_usd,nvc_usd,ask,0.937,2.61011,1450031742
65463263,BTC-E,nvc_usd,nvc_usd,bid,0.942,0.141593,1450031690
65463262,BTC-E,nvc_usd,nvc_usd,bid,0.942,3.0,1450031690
65463252,BTC-E,nvc_usd,nvc_usd,bid,0.942,0.283185,1450031630
65463251,BTC-E,nvc_usd,nvc_usd,bid,0.942,2.85841,1450031630
65463247,BTC-E,nvc_usd,nvc_usd,bid,0.942,0.141593,1450031570
65463246,BTC-E,nvc_usd,nvc_usd,bid,0.942,3.0,1450031570
65463242,BTC-E,nvc_usd,nvc_usd,bid,0.942,0.283185,1450031510
65463241,BTC-E,nvc_usd,nvc_usd,bid,0.942,2.85841,1450031510
65463219,BTC-E,nvc_usd,nvc_usd,bid,0.942,0.141593,1450031450
65463218,BTC-E,nvc_usd,nvc_usd,bid,0.942,3.0,1450031450
65463202,BTC-E,nvc_usd,nvc_usd,bid,0.942,0.141593,1450031391
65463201,BTC-E,nvc_usd,nvc_usd,bid,0.942,3.0,1450031391
65463183,BTC-E,nvc_usd,nvc_usd,bid,0.942,0.283185,1450031330
65463182,BTC-E,nvc_usd,nvc_usd,bid,0.942,2.85841,1450031330
65463173,BTC-E,nvc_usd,nvc_usd,bid,0.942,0.141593,1450031293
65463172,BTC-E,nvc_usd,nvc_usd,bid,0.942,3.0,1450031293
65463171,BTC-E,nvc_usd,nvc_usd,bid,0.942,0.141593,1450031271
65463170,BTC-E,nvc_usd,nvc_usd,bid,0.942,3.0,1450031271
65463153,BTC-E,nvc_usd,nvc_usd,bid,0.942,0.141593,1450031211
65463152,BTC-E,nvc_usd,nvc_usd,bid,0.942,3.0,1450031211
65463131,BTC-E,nvc_usd,nvc_usd,bid,0.942,3.14159,1450031151
65463109,BTC-E,nvc_usd,nvc_usd,bid,0.942,0.141593,1450031090
65463108,BTC-E,nvc_usd,nvc_usd,bid,0.942,3.0,1450031090
65463076,BTC-E,nvc_usd,nvc_usd,bid,0.942,3.09191,1450031030
65463075,BTC-E,nvc_usd,nvc_usd,bid,0.942,0.0496806,1450031030
65463063,BTC-E,nvc_usd,nvc_usd,ask,0.942,2.95032,1450030970
65463062,BTC-E,nvc_usd,nvc_usd,bid,0.942,0.191273,1450030970
65463055,BTC-E,nvc_usd,nvc_usd,ask,0.942,2.80873,1450030910
65463054,BTC-E,nvc_usd,nvc_usd,bid,0.942,0.332866,1450030910
65463032,BTC-E,nvc_usd,nvc_usd,bid,0.942,2.66713,1450030851
65463031,BTC-E,nvc_usd,nvc_usd,bid,0.942,0.474458,1450030851
65463022,BTC-E,nvc_usd,nvc_usd,ask,0.942,2.52554,1450030791
65463021,BTC-E,nvc_usd,nvc_usd,bid,0.942,0.616051,1450030790
65463011,BTC-E,nvc_usd,nvc_usd,ask,0.942,2.38395,1450030731
65463010,BTC-E,nvc_usd,nvc_usd,bid,0.942,0.757644,1450030731
65463008,BTC-E,nvc_usd,nvc_usd,ask,0.942,0.242356,1450030715
65463004,BTC-E,nvc_usd,nvc_usd,bid,0.942,2.89924,1450030671
65463003,BTC-E,nvc_usd,nvc_usd,ask,0.942,0.100764,1450030671
65462993,BTC-E,nvc_usd,nvc_usd,bid,0.942,3.0,1450030611
65462992,BTC-E,nvc_usd,nvc_usd,bid,0.942,0.0408288,1450030611
65462987,BTC-E,nvc_usd,nvc_usd,ask,0.942,2.95917,1450030551
65462986,BTC-E,nvc_usd,nvc_usd,bid,0.942,0.182421,1450030550
65462968,BTC-E,nvc_usd,nvc_usd,ask,0.942,2.81758,1450030492
65462967,BTC-E,nvc_usd,nvc_usd,bid,0.942,0.324014,1450030491
65462959,BTC-E,nvc_usd,nvc_usd,ask,0.942,2.67599,1450030431
65462958,BTC-E,nvc_usd,nvc_usd,bid,0.942,0.465607,1450030430
65462946,BTC-E,nvc_usd,nvc_usd,ask,0.942,2.53439,1450030372
65462945,BTC-E,nvc_usd,nvc_usd,bid,0.942,0.607199,1450030371
65462930,BTC-E,nvc_usd,nvc_usd,ask,0.942,2.3928,1450030311
65470753,BTC-E,btc_usd,btc_usd,bid,430.517,0.022976,1450049085
65470751,BTC-E,btc_usd,btc_usd,bid,430.56,0.0302605,1450049040
65470750,BTC-E,btc_usd,btc_usd,ask,430.485,0.01,1450049033
65470749,BTC-E,btc_usd,btc_usd,ask,430.561,0.011044,1450049020
65470733,BTC-E,btc_usd,btc_usd,bid,431.0,0.013446,1450048869
65470732,BTC-E,btc_usd,btc_usd,bid,430.704,0.011049,1450048869
65470731,BTC-E,btc_usd,btc_usd,ask,429.669,0.759055,1450048866
65470730,BTC-E,btc_usd,btc_usd,ask,429.669,0.011053,1450048866
65470729,BTC-E,btc_usd,btc_usd,ask,429.78,0.5,1450048866
65470728,BTC-E,btc_usd,btc_usd,ask,429.97,0.4,1450048866
65470727,BTC-E,btc_usd,btc_usd,ask,430.113,0.011049,1450048866
65470726,BTC-E,btc_usd,btc_usd,ask,430.16,0.3,1450048866
65470725,BTC-E,btc_usd,btc_usd,ask,430.311,0.011045,1450048866
65470724,BTC-E,btc_usd,btc_usd,ask,430.36,0.0110965,1450048866
65470723,BTC-E,btc_usd,btc_usd,ask,430.361,0.269402,1450048866
65470706,BTC-E,btc_usd,btc_usd,ask,430.982,1.64471,1450048765
65470705,BTC-E,btc_usd,btc_usd,ask,430.983,0.0159816,1450048763
65470704,BTC-E,btc_usd,btc_usd,ask,430.983,0.0146166,1450048762
65470699,BTC-E,btc_usd,btc_usd,ask,430.982,0.117,1450048750
65470698,BTC-E,btc_usd,btc_usd,ask,430.982,0.045,1450048747
65470697,BTC-E,btc_usd,btc_usd,ask,430.982,0.011044,1450048745
65470696,BTC-E,btc_usd,btc_usd,bid,430.982,3.39731,1450048745
65470695,BTC-E,btc_usd,btc_usd,bid,430.866,0.3,1450048745
65470694,BTC-E,btc_usd,btc_usd,bid,430.865,0.0315,1450048745
65470693,BTC-E,btc_usd,btc_usd,bid,430.788,0.100203,1450048745
65470692,BTC-E,btc_usd,btc_usd,bid,430.666,0.011047,1450048745
65470691,BTC-E,btc_usd,btc_usd,ask,430.639,0.431,1450048742
65470690,BTC-E,btc_usd,btc_usd,ask,430.639,0.523273,1450048735
65470689,BTC-E,btc_usd,btc_usd,ask,430.639,2.02108,1450048735
65470688,BTC-E,btc_usd,btc_usd,ask,430.639,1.61505,1450048735
65470687,BTC-E,btc_usd,btc_usd,bid,430.639,0.011045,1450048734
65470686,BTC-E,btc_usd,btc_usd,bid,430.63,0.011053,1450048734
65470685,BTC-E,btc_usd,btc_usd,bid,430.63,0.01104,1450048734
65470684,BTC-E,btc_usd,btc_usd,bid,430.569,0.0104,1450048734
65470683,BTC-E,btc_usd,btc_usd,bid,430.557,0.0279,1450048734
65470682,BTC-E,btc_usd,btc_usd,bid,430.557,0.011047,1450048734
65470681,BTC-E,btc_usd,btc_usd,bid,430.557,1.16677,1450048734
65470680,BTC-E,btc_usd,btc_usd,bid,430.557,7.47034,1450048723
65470679,BTC-E,btc_usd,btc_usd,bid,430.554,0.0315,1450048723
65470678,BTC-E,btc_usd,btc_usd,bid,430.113,0.011052,1450048723
65470677,BTC-E,btc_usd,btc_usd,bid,430.112,0.75,1450048723
65470676,BTC-E,btc_usd,btc_usd,bid,429.965,0.01105,1450048723
65470675,BTC-E,btc_usd,btc_usd,ask,429.003,3.42109,1450048699
65470674,BTC-E,btc_usd,btc_usd,ask,429.07,4.2128E-4,1450048699
65470673,BTC-E,btc_usd,btc_usd,ask,429.071,0.75,1450048699
65470672,BTC-E,btc_usd,btc_usd,ask,429.226,0.011044,1450048699
65470671,BTC-E,btc_usd,btc_usd,bid,429.159,0.011049,1450048680
65470669,BTC-E,btc_usd,btc_usd,bid,429.003,0.0106257,1450048641
65470668,BTC-E,btc_usd,btc_usd,ask,429.003,4.1828E-4,1450048632
65470667,BTC-E,btc_usd,btc_usd,bid,429.003,1.89658,1450048631
65470666,BTC-E,btc_usd,btc_usd,bid,429.003,0.0315264,1450048623
65470665,BTC-E,btc_usd,btc_usd,bid,429.003,0.0111016,1450048616
65470664,BTC-E,btc_usd,btc_usd,bid,429.003,0.0111016,1450048606
65470663,BTC-E,btc_usd,btc_usd,bid,429.003,0.011049,1450048597
65470662,BTC-E,btc_usd,btc_usd,ask,429.003,0.0386397,1450048591
65470661,BTC-E,btc_usd,btc_usd,ask,429.003,0.0350795,1450048591
65470660,BTC-E,btc_usd,btc_usd,bid,430.222,0.0737192,1450048581
65470659,BTC-E,btc_usd,btc_usd,bid,429.813,0.011047,1450048581
65470658,BTC-E,btc_usd,btc_usd,bid,429.778,0.011044,1450048581
65470657,BTC-E,btc_usd,btc_usd,bid,429.778,0.01105,1450048581
65470656,BTC-E,btc_usd,btc_usd,bid,429.755,0.0463928,1450048581
65470655,BTC-E,btc_usd,btc_usd,bid,429.712,0.015,1450048581
65470654,BTC-E,btc_usd,btc_usd,bid,429.712,0.0104,1450048581
65470653,BTC-E,btc_usd,btc_usd,bid,429.712,0.0345,1450048581
65470652,BTC-E,btc_usd,btc_usd,bid,429.712,0.0104,1450048581
65470651,BTC-E,btc_usd,btc_usd,bid,429.642,0.011047,1450048581
65470649,BTC-E,btc_usd,btc_usd,ask,429.5,0.12,1450048558
65470648,BTC-E,btc_usd,btc_usd,ask,429.501,0.23,1450048557
65470634,BTC-E,btc_usd,btc_usd,bid,429.0,3.0324E-4,1450048534
65470633,BTC-E,btc_usd,btc_usd,bid,428.894,0.011044,1450048533
65470629,BTC-E,btc_usd,btc_usd,ask,428.682,0.07,1450048510
65470626,BTC-E,btc_usd,btc_usd,ask,428.521,4.7,1450048488
65470625,BTC-E,btc_usd,btc_usd,ask,428.699,0.3,1450048488
65470624,BTC-E,btc_usd,btc_usd,bid,428.699,0.3,1450048482
65470623,BTC-E,btc_usd,btc_usd,bid,428.499,0.267184,1450048476
65470622,BTC-E,btc_usd,btc_usd,bid,428.499,0.0446,1450048474
65470621,BTC-E,btc_usd,btc_usd,bid,428.499,0.012587,1450048473
65470620,BTC-E,btc_usd,btc_usd,bid,428.499,0.007453,1450048473
65470619,BTC-E,btc_usd,btc_usd,bid,428.499,0.011047,1450048467
65470618,BTC-E,btc_usd,btc_usd,ask,428.498,1.06996,1450048464
65470617,BTC-E,btc_usd,btc_usd,ask,428.499,0.0315,1450048462
65470616,BTC-E,btc_usd,btc_usd,bid,428.999,0.11,1450048448
65470615,BTC-E,btc_usd,btc_usd,bid,428.999,0.02004,1450048444
65470614,BTC-E,btc_usd,btc_usd,bid,429.0,0.01,1450048423
65470613,BTC-E,btc_usd,btc_usd,bid,428.0,1.17955,1450048416
65470612,BTC-E,btc_usd,btc_usd,bid,428.0,0.02004,1450048414
65470611,BTC-E,btc_usd,btc_usd,bid,428.0,0.5,1450048412
65470610,BTC-E,btc_usd,btc_usd,bid,428.0,0.126887,1450048412
65470609,BTC-E,btc_usd,btc_usd,bid,428.0,0.4,1450048412
65470608,BTC-E,btc_usd,btc_usd,bid,428.0,0.3,1450048411
65470607,BTC-E,btc_usd,btc_usd,bid,428.0,1.02664,1450048411
65470606,BTC-E,btc_usd,btc_usd,bid,428.0,0.1,1450048410
65470605,BTC-E,btc_usd,btc_usd,bid,428.0,0.503451,1450048410
65470604,BTC-E,btc_usd,btc_usd,bid,428.0,1.90847,1450048409
65470603,BTC-E,btc_usd,btc_usd,ask,428.0,0.02,1450048408
65470602,BTC-E,btc_usd,btc_usd,ask,428.0,0.614927,1450048408
65470601,BTC-E,btc_usd,btc_usd,ask,428.0,0.3,1450048408
65470600,BTC-E,btc_usd,btc_usd,ask,428.0,2.0,1450048408
65470599,BTC-E,btc_usd,btc_usd,ask,428.036,9.314,1450048408
65470598,BTC-E,btc_usd,btc_usd,ask,428.098,0.011094,1450048408
65470597,BTC-E,btc_usd,btc_usd,ask,428.1,0.559491,1450048408
65470596,BTC-E,btc_usd,btc_usd,ask,428.119,0.0110965,1450048408
65470595,BTC-E,btc_usd,btc_usd,ask,428.126,0.0111245,1450048408
65470594,BTC-E,btc_usd,btc_usd,ask,428.171,0.011134,1450048408
65470593,BTC-E,btc_usd,btc_usd,ask,428.198,0.01104,1450048408
65470592,BTC-E,btc_usd,btc_usd,ask,428.219,0.100404,1450048408
65470591,BTC-E,btc_usd,btc_usd,ask,428.233,0.0110977,1450048408
65470590,BTC-E,btc_usd,btc_usd,ask,428.237,0.0111351,1450048408
65470589,BTC-E,btc_usd,btc_usd,ask,428.265,0.1003,1450048408
65470588,BTC-E,btc_usd,btc_usd,ask,428.28,0.0111351,1450048408
65470587,BTC-E,btc_usd,btc_usd,ask,428.318,0.0110965,1450048408
65470586,BTC-E,btc_usd,btc_usd,ask,428.415,0.0111016,1450048408
65470585,BTC-E,btc_usd,btc_usd,ask,428.418,0.0111245,1450048408
65470584,BTC-E,btc_usd,btc_usd,ask,428.428,0.0111351,1450048408
65470583,BTC-E,btc_usd,btc_usd,ask,428.466,0.011044,1450048408
65470582,BTC-E,btc_usd,btc_usd,ask,428.47,0.069221,1450048408
65470581,BTC-E,btc_usd,btc_usd,ask,428.47,0.031183,1450048408
65470580,BTC-E,btc_usd,btc_usd,ask,428.505,7.463,1450048408
65470579,BTC-E,btc_usd,btc_usd,ask,428.506,0.0315,1450048408
65470578,BTC-E,btc_usd,btc_usd,ask,428.57,0.01,1450048408
65470577,BTC-E,btc_usd,btc_usd,ask,428.613,0.0111351,1450048408
65470576,BTC-E,btc_usd,btc_usd,ask,428.657,0.0111351,1450048408
65470575,BTC-E,btc_usd,btc_usd,ask,428.672,0.011094,1450048408
65470574,BTC-E,btc_usd,btc_usd,ask,428.718,0.100404,1450048408
65470573,BTC-E,btc_usd,btc_usd,ask,428.72,0.0111245,1450048408
65470572,BTC-E,btc_usd,btc_usd,ask,428.77,0.0111305,1450048408
65470571,BTC-E,btc_usd,btc_usd,ask,428.809,0.011094,1450048408
65470570,BTC-E,btc_usd,btc_usd,ask,428.809,0.0110977,1450048408
65470569,BTC-E,btc_usd,btc_usd,ask,428.831,0.0110965,1450048408
65470568,BTC-E,btc_usd,btc_usd,ask,428.85,0.0111351,1450048408
65470567,BTC-E,btc_usd,btc_usd,ask,428.858,0.0111305,1450048408
65470566,BTC-E,btc_usd,btc_usd,ask,428.881,0.0110903,1450048408
65470565,BTC-E,btc_usd,btc_usd,ask,428.949,0.0111245,1450048408
65470564,BTC-E,btc_usd,btc_usd,ask,428.955,8.81,1450048408
65470563,BTC-E,btc_usd,btc_usd,ask,428.967,0.0104,1450048408
65470562,BTC-E,btc_usd,btc_usd,ask,428.985,0.100202,1450048408
65470561,BTC-E,btc_usd,btc_usd,ask,428.987,0.011134,1450048408
65470560,BTC-E,btc_usd,btc_usd,ask,428.999,0.011053,1450048408
65470559,BTC-E,btc_usd,btc_usd,ask,429.0,7.4876E-4,1450048402
65470558,BTC-E,btc_usd,btc_usd,bid,429.0,2.67186,1450048397
65470557,BTC-E,btc_usd,btc_usd,bid,428.999,1.16839,1450048397
65470556,BTC-E,btc_usd,btc_usd,ask,428.999,0.031606,1450048395
65470555,BTC-E,btc_usd,btc_usd,bid,429.0,0.01,1450048394
65470554,BTC-E,btc_usd,btc_usd,bid,429.0,0.2,1450048391
65470553,BTC-E,btc_usd,btc_usd,bid,429.0,0.02,1450048391
65470552,BTC-E,btc_usd,btc_usd,bid,429.0,1.74614,1450048391
65470551,BTC-E,btc_usd,btc_usd,bid,429.0,0.011051,1450048391
65470550,BTC-E,btc_usd,btc_usd,bid,429.0,2.49864,1450048390
65470549,BTC-E,btc_usd,btc_usd,ask,429.044,0.0110977,1450048389
65470548,BTC-E,btc_usd,btc_usd,ask,429.072,0.5,1450048389
65470737,BTC-E,ltc_eur,ltc_eur,bid,3.312,0.132,1450048897
65470531,BTC-E,ltc_eur,ltc_eur,bid,3.309,0.111922,1450048349
65470276,BTC-E,ltc_eur,ltc_eur,ask,3.287,24.4534,1450047208
65470152,BTC-E,ltc_eur,ltc_eur,bid,3.312,0.114923,1450046450
65469866,BTC-E,ltc_eur,ltc_eur,bid,3.326,0.964,1450045630
65469865,BTC-E,ltc_eur,ltc_eur,bid,3.326,0.246931,1450045630
65469410,BTC-E,ltc_eur,ltc_eur,bid,3.325,0.0951692,1450044274
65469409,BTC-E,ltc_eur,ltc_eur,bid,3.325,2.10079,1450044274
65469088,BTC-E,ltc_eur,ltc_eur,ask,3.288,0.11,1450043368
65468728,BTC-E,ltc_eur,ltc_eur,ask,3.29,0.11,1450042555
65467448,BTC-E,ltc_eur,ltc_eur,bid,3.301,21.8242,1450041431
65467446,BTC-E,ltc_eur,ltc_eur,ask,3.301,14.72,1450041428
65467249,BTC-E,ltc_eur,ltc_eur,bid,3.326,1.827,1450040973
65466626,BTC-E,ltc_eur,ltc_eur,bid,3.326,1.9478,1450039576
65465755,BTC-E,ltc_eur,ltc_eur,bid,3.326,0.820119,1450038345
65465386,BTC-E,ltc_eur,ltc_eur,bid,3.326,2.0,1450037351
65465190,BTC-E,ltc_eur,ltc_eur,ask,3.313,0.50446,1450036716
65464924,BTC-E,ltc_eur,ltc_eur,bid,3.325,1.92748,1450036216
65464503,BTC-E,ltc_eur,ltc_eur,bid,3.325,1.30441,1450035311
65464094,BTC-E,ltc_eur,ltc_eur,bid,3.323,1.40823,1450034138
65463731,BTC-E,ltc_eur,ltc_eur,bid,3.325,0.15043,1450033124
65463308,BTC-E,ltc_eur,ltc_eur,bid,3.325,1.52718,1450031830
65462971,BTC-E,ltc_eur,ltc_eur,ask,3.288,3.7038,1450030515
65462970,BTC-E,ltc_eur,ltc_eur,ask,3.289,2.105,1450030515
65462712,BTC-E,ltc_eur,ltc_eur,bid,3.322,1.29145,1450029801
65462212,BTC-E,ltc_eur,ltc_eur,bid,3.325,1.64204,1450028375
65462185,BTC-E,ltc_eur,ltc_eur,bid,3.325,7.1056,1450028304
65462167,BTC-E,ltc_eur,ltc_eur,ask,3.32,3.63117,1450028230
65462155,BTC-E,ltc_eur,ltc_eur,bid,3.32,0.223794,1450028202
65462104,BTC-E,ltc_eur,ltc_eur,bid,3.319,1.93214,1450028066
65462074,BTC-E,ltc_eur,ltc_eur,bid,3.319,5.83232,1450027960
65462057,BTC-E,ltc_eur,ltc_eur,bid,3.319,0.567496,1450027920
65461957,BTC-E,ltc_eur,ltc_eur,ask,3.275,2.19796,1450027804
65461935,BTC-E,ltc_eur,ltc_eur,ask,3.326,9.03981,1450027802
65461933,BTC-E,ltc_eur,ltc_eur,ask,3.326,0.960192,1450027802
65461569,BTC-E,ltc_eur,ltc_eur,bid,3.322,6.0,1450026753
65461126,BTC-E,ltc_eur,ltc_eur,bid,3.331,1.13325,1450025468
65460593,BTC-E,ltc_eur,ltc_eur,ask,3.28,0.260528,1450024263
65460260,BTC-E,ltc_eur,ltc_eur,bid,3.323,2.2546,1450023370
65459617,BTC-E,ltc_eur,ltc_eur,bid,3.302,1.694,1450021370
65458912,BTC-E,ltc_eur,ltc_eur,bid,3.335,0.995041,1450020406
65458911,BTC-E,ltc_eur,ltc_eur,bid,3.335,0.499,1450020406
65458910,BTC-E,ltc_eur,ltc_eur,bid,3.335,0.499,1450020406
65458374,BTC-E,ltc_eur,ltc_eur,ask,3.337,13.0164,1450019112
65458373,BTC-E,ltc_eur,ltc_eur,bid,3.336,1.58364,1450019111
65458338,BTC-E,ltc_eur,ltc_eur,bid,3.304,0.122,1450019050
65458225,BTC-E,ltc_eur,ltc_eur,bid,3.304,0.1811,1450018885
65458175,BTC-E,ltc_eur,ltc_eur,bid,3.333,0.499,1450018827
65457750,BTC-E,ltc_eur,ltc_eur,bid,3.303,0.1515,1450018574
65457234,BTC-E,ltc_eur,ltc_eur,ask,3.304,13.0163,1450018009
65457233,BTC-E,ltc_eur,ltc_eur,ask,3.304,1.24257,1450018009
65457232,BTC-E,ltc_eur,ltc_eur,bid,3.303,0.1011,1450018008
65457135,BTC-E,ltc_eur,ltc_eur,bid,3.305,0.499,1450017744
65456978,BTC-E,ltc_eur,ltc_eur,ask,3.304,0.607845,1450017498
65456969,BTC-E,ltc_eur,ltc_eur,ask,3.304,1.8933,1450017489
65456968,BTC-E,ltc_eur,ltc_eur,ask,3.304,1.95935,1450017488
65456966,BTC-E,ltc_eur,ltc_eur,ask,3.304,1.75995,1450017488
65456965,BTC-E,ltc_eur,ltc_eur,ask,3.304,1.9715,1450017487
65456960,BTC-E,ltc_eur,ltc_eur,ask,3.304,1.31204,1450017486
65456959,BTC-E,ltc_eur,ltc_eur,ask,3.304,1.13586,1450017485
65456958,BTC-E,ltc_eur,ltc_eur,ask,3.304,1.85229,1450017484
65456956,BTC-E,ltc_eur,ltc_eur,ask,3.304,1.31081,1450017483
65456933,BTC-E,ltc_eur,ltc_eur,bid,3.304,0.499,1450017480
65456932,BTC-E,ltc_eur,ltc_eur,bid,3.303,0.0680605,1450017480
65456923,BTC-E,ltc_eur,ltc_eur,ask,3.302,11.925,1450017468
65456922,BTC-E,ltc_eur,ltc_eur,ask,3.302,1.22503,1450017468
65456905,BTC-E,ltc_eur,ltc_eur,bid,3.301,1.0,1450017457
65456789,BTC-E,ltc_eur,ltc_eur,ask,3.302,1.05405,1450017382
65456788,BTC-E,ltc_eur,ltc_eur,ask,3.302,0.573868,1450017382
65456787,BTC-E,ltc_eur,ltc_eur,ask,3.302,1.19181,1450017381
65456786,BTC-E,ltc_eur,ltc_eur,ask,3.302,1.62157,1450017380
65456781,BTC-E,ltc_eur,ltc_eur,ask,3.302,1.22029,1450017380
65456780,BTC-E,ltc_eur,ltc_eur,ask,3.302,0.613899,1450017380
65456779,BTC-E,ltc_eur,ltc_eur,ask,3.302,1.71284,1450017380
65456776,BTC-E,ltc_eur,ltc_eur,ask,3.302,1.21848,1450017379
65456767,BTC-E,ltc_eur,ltc_eur,ask,3.302,1.22029,1450017379
65456765,BTC-E,ltc_eur,ltc_eur,bid,3.302,0.2373,1450017379
65456764,BTC-E,ltc_eur,ltc_eur,bid,3.302,0.499,1450017379
65456763,BTC-E,ltc_eur,ltc_eur,bid,3.301,3.34662,1450017379
65456751,BTC-E,ltc_eur,ltc_eur,ask,3.297,1.22035,1450017377
65456620,BTC-E,ltc_eur,ltc_eur,bid,3.301,13.9315,1450017361
65456619,BTC-E,ltc_eur,ltc_eur,bid,3.3,1.21852,1450017360
65456597,BTC-E,ltc_eur,ltc_eur,ask,3.29,7.47098,1450017340
65456592,BTC-E,ltc_eur,ltc_eur,ask,3.29,1.21852,1450017339
65456586,BTC-E,ltc_eur,ltc_eur,ask,3.29,1.21859,1450017339
65456577,BTC-E,ltc_eur,ltc_eur,ask,3.29,4.26191,1450017339
65456224,BTC-E,ltc_eur,ltc_eur,bid,3.303,1.94997,1450017236
65456223,BTC-E,ltc_eur,ltc_eur,bid,3.302,13.33,1450017236
65456210,BTC-E,ltc_eur,ltc_eur,ask,3.291,13.33,1450017233
65456209,BTC-E,ltc_eur,ltc_eur,ask,3.291,1.15997,1450017233
65455532,BTC-E,ltc_eur,ltc_eur,ask,3.261,0.306348,1450016626
65455101,BTC-E,ltc_eur,ltc_eur,bid,3.3,0.5,1450015283
65454827,BTC-E,ltc_eur,ltc_eur,bid,3.299,1.166,1450014478
65454486,BTC-E,ltc_eur,ltc_eur,bid,3.298,0.103531,1450013340
65454262,BTC-E,ltc_eur,ltc_eur,ask,3.262,1.94838,1450012580
65454004,BTC-E,ltc_eur,ltc_eur,ask,3.26,2.13899,1450011432
65453836,BTC-E,ltc_eur,ltc_eur,ask,3.278,13.5573,1450010606
65453835,BTC-E,ltc_eur,ltc_eur,ask,3.278,1.82269,1450010606
65453698,BTC-E,ltc_eur,ltc_eur,ask,3.294,159.89,1450009964
65453691,BTC-E,ltc_eur,ltc_eur,bid,3.294,0.11,1450009964
65453606,BTC-E,ltc_eur,ltc_eur,bid,3.292,0.77,1450009559
65453481,BTC-E,ltc_eur,ltc_eur,ask,3.25,2.02208,1450008658
65453073,BTC-E,ltc_eur,ltc_eur,bid,3.283,0.295351,1450007644
65452855,BTC-E,ltc_eur,ltc_eur,bid,3.291,1.73993,1450006777
65452540,BTC-E,ltc_eur,ltc_eur,bid,3.279,1.34848,1450005595
65452539,BTC-E,ltc_eur,ltc_eur,bid,3.279,0.105405,1450005595
65452344,BTC-E,ltc_eur,ltc_eur,bid,3.284,1.19064,1450004713
65452343,BTC-E,ltc_eur,ltc_eur,bid,3.284,0.77,1450004713
65452149,BTC-E,ltc_eur,ltc_eur,bid,3.283,1.92911,1450003402
65452045,BTC-E,ltc_eur,ltc_eur,bid,3.282,1.16575,1450002523
65452044,BTC-E,ltc_eur,ltc_eur,bid,3.282,0.77,1450002523
65451728,BTC-E,ltc_eur,ltc_eur,bid,3.25,0.278745,1450001280
65451704,BTC-E,ltc_eur,ltc_eur,bid,3.25,0.245908,1450001190
65451702,BTC-E,ltc_eur,ltc_eur,ask,3.25,0.184431,1450001188
65451524,BTC-E,ltc_eur,ltc_eur,bid,3.279,0.308,1450000338
65451318,BTC-E,ltc_eur,ltc_eur,bid,3.289,0.563044,1449999408
65451102,BTC-E,ltc_eur,ltc_eur,bid,3.29,0.351666,1449998192
65450706,BTC-E,ltc_eur,ltc_eur,ask,3.25,1.85932,1449997083
65450116,BTC-E,ltc_eur,ltc_eur,bid,3.281,0.186283,1449995998
65449969,BTC-E,ltc_eur,ltc_eur,ask,3.25,2.70386,1449995438
65449695,BTC-E,ltc_eur,ltc_eur,bid,3.297,0.917677,1449994915
65449581,BTC-E,ltc_eur,ltc_eur,bid,3.3,1.57516,1449994446
65449277,BTC-E,ltc_eur,ltc_eur,bid,3.297,0.251776,1449993345
65449276,BTC-E,ltc_eur,ltc_eur,bid,3.297,1.0,1449993345
65449091,BTC-E,ltc_eur,ltc_eur,bid,3.281,1.61333,1449992346
65448743,BTC-E,ltc_eur,ltc_eur,ask,3.283,2.96345,1449991552
65448742,BTC-E,ltc_eur,ltc_eur,ask,3.283,1.96402,1449991551
65448741,BTC-E,ltc_eur,ltc_eur,ask,3.283,0.844344,1449991551
65448740,BTC-E,ltc_eur,ltc_eur,ask,3.283,2.89646,1449991551
65448739,BTC-E,ltc_eur,ltc_eur,bid,3.282,4.52775,1449991550
65448738,BTC-E,ltc_eur,ltc_eur,bid,3.282,1.57398,1449991550
65448697,BTC-E,ltc_eur,ltc_eur,ask,3.25,0.215169,1449991278
65448605,BTC-E,ltc_eur,ltc_eur,ask,3.25,0.122954,1449990311
65448350,BTC-E,ltc_eur,ltc_eur,bid,3.291,2.65691,1449989224
65448151,BTC-E,ltc_eur,ltc_eur,bid,3.293,1.40666,1449988074
65447905,BTC-E,ltc_eur,ltc_eur,bid,3.286,1.22502,1449986832
65447676,BTC-E,ltc_eur,ltc_eur,bid,3.276,0.137,1449985791
65447444,BTC-E,ltc_eur,ltc_eur,bid,3.275,0.11,1449984690
65447001,BTC-E,ltc_eur,ltc_eur,ask,3.249,0.0064968,1449983872
65447000,BTC-E,ltc_eur,ltc_eur,ask,3.249,0.11,1449983872
65446999,BTC-E,ltc_eur,ltc_eur,ask,3.25,0.11,1449983872
65446998,BTC-E,ltc_eur,ltc_eur,ask,3.25,1.02736,1449983872
65446847,BTC-E,ltc_eur,ltc_eur,bid,3.274,1.54818,1449983221
65446421,BTC-E,ltc_eur,ltc_eur,bid,3.276,0.159,1449982080
65445971,BTC-E,ltc_eur,ltc_eur,bid,3.276,0.137,1449981210
65445372,BTC-E,ltc_eur,ltc_eur,bid,3.272,0.5,1449979756
65445316,BTC-E,ltc_eur,ltc_eur,ask,3.25,6.91474,1449979702
65445290,BTC-E,ltc_eur,ltc_eur,bid,3.265,0.213806,1449979689
65445280,BTC-E,ltc_eur,ltc_eur,ask,3.268,0.0751457,1449979679
65445279,BTC-E,ltc_eur,ltc_eur,bid,3.268,0.438054,1449979679
65470636,BTC-E,ppc_btc,ppc_btc,ask,9.6E-4,7.78505,1450048542
65470635,BTC-E,ppc_btc,ppc_btc,ask,9.6E-4,0.129326,1450048542
65470628,BTC-E,ppc_btc,ppc_btc,ask,9.6E-4,0.889934,1450048500
65470526,BTC-E,ppc_btc,ppc_btc,ask,9.7E-4,1.0E-8,1450048334
65470520,BTC-E,ppc_btc,ppc_btc,ask,9.7E-4,40.0,1450048333
65470518,BTC-E,ppc_btc,ppc_btc,bid,9.7E-4,92.0297,1450048333
65470517,BTC-E,ppc_btc,ppc_btc,bid,9.7E-4,197.97,1450048333
65470481,BTC-E,ppc_btc,ppc_btc,bid,9.7E-4,92.0297,1450048029
65470480,BTC-E,ppc_btc,ppc_btc,bid,9.7E-4,0.104752,1450048029
65470479,BTC-E,ppc_btc,ppc_btc,bid,9.7E-4,7.83578,1450048029
65470478,BTC-E,ppc_btc,ppc_btc,bid,9.7E-4,1.0,1450048029
65470477,BTC-E,ppc_btc,ppc_btc,bid,9.7E-4,1.01697,1450048029
65470476,BTC-E,ppc_btc,ppc_btc,bid,9.7E-4,1.0128,1450048029
65470254,BTC-E,ppc_btc,ppc_btc,bid,9.6E-4,5.40098,1450047119
65470232,BTC-E,ppc_btc,ppc_btc,bid,9.6E-4,8.3729,1450047028
65470220,BTC-E,ppc_btc,ppc_btc,bid,9.6E-4,0.952572,1450046937
65470219,BTC-E,ppc_btc,ppc_btc,bid,9.6E-4,1.04631,1450046937
65470218,BTC-E,ppc_btc,ppc_btc,bid,9.6E-4,6.79599,1450046937
65470135,BTC-E,ppc_btc,ppc_btc,bid,9.5E-4,4.85E-6,1450046392
65470130,BTC-E,ppc_btc,ppc_btc,bid,9.5E-4,16.8064,1450046391
65470072,BTC-E,ppc_btc,ppc_btc,bid,9.5E-4,424.805,1450046285
65470057,BTC-E,ppc_btc,ppc_btc,bid,9.5E-4,232.514,1450046273
65469692,BTC-E,ppc_btc,ppc_btc,bid,9.5E-4,52.0811,1450045355
65469677,BTC-E,ppc_btc,ppc_btc,bid,9.5E-4,0.1002,1450045237
65469676,BTC-E,ppc_btc,ppc_btc,bid,9.5E-4,0.713349,1450045237
65469674,BTC-E,ppc_btc,ppc_btc,bid,9.5E-4,0.1002,1450045237
65469659,BTC-E,ppc_btc,ppc_btc,bid,9.5E-4,2000.0,1450045155
65469588,BTC-E,ppc_btc,ppc_btc,bid,9.5E-4,0.216475,1450044973
65469575,BTC-E,ppc_btc,ppc_btc,bid,9.5E-4,0.216475,1450044925
65469561,BTC-E,ppc_btc,ppc_btc,bid,9.5E-4,0.713349,1450044876
65469560,BTC-E,ppc_btc,ppc_btc,bid,9.5E-4,0.1002,1450044875
65469559,BTC-E,ppc_btc,ppc_btc,bid,9.5E-4,0.1002,1450044875
65469557,BTC-E,ppc_btc,ppc_btc,bid,9.5E-4,0.216475,1450044864
65469539,BTC-E,ppc_btc,ppc_btc,bid,9.5E-4,270.27,1450044802
65469415,BTC-E,ppc_btc,ppc_btc,ask,9.5E-4,1.04631,1450044320
65469403,BTC-E,ppc_btc,ppc_btc,ask,9.4E-4,0.757984,1450044255
65469402,BTC-E,ppc_btc,ppc_btc,ask,9.4E-4,0.572464,1450044255
65469399,BTC-E,ppc_btc,ppc_btc,bid,9.6E-4,1.05462,1450044242
65469398,BTC-E,ppc_btc,ppc_btc,bid,9.6E-4,1.03957,1450044242
65469369,BTC-E,ppc_btc,ppc_btc,bid,9.5E-4,49.4416,1450044131
65469268,BTC-E,ppc_btc,ppc_btc,bid,9.5E-4,3.82247,1450043975
65469218,BTC-E,ppc_btc,ppc_btc,ask,9.4E-4,0.5,1450043942
65469217,BTC-E,ppc_btc,ppc_btc,ask,9.4E-4,0.5,1450043939
65469213,BTC-E,ppc_btc,ppc_btc,ask,9.4E-4,0.5,1450043935
65469114,BTC-E,ppc_btc,ppc_btc,bid,9.5E-4,283.157,1450043493
65469012,BTC-E,ppc_btc,ppc_btc,bid,9.5E-4,0.649449,1450043101
65469009,BTC-E,ppc_btc,ppc_btc,bid,9.5E-4,0.643598,1450043100
65469006,BTC-E,ppc_btc,ppc_btc,bid,9.5E-4,0.585082,1450043100
65468933,BTC-E,ppc_btc,ppc_btc,bid,9.5E-4,11.6234,1450042994
65468918,BTC-E,ppc_btc,ppc_btc,bid,9.5E-4,19.2766,1450042943
65468905,BTC-E,ppc_btc,ppc_btc,bid,9.5E-4,19.38,1450042920
65468894,BTC-E,ppc_btc,ppc_btc,bid,9.5E-4,17.4012,1450042891
65468891,BTC-E,ppc_btc,ppc_btc,bid,9.5E-4,21.483,1450042890
65468887,BTC-E,ppc_btc,ppc_btc,bid,9.5E-4,406.664,1450042873
65468875,BTC-E,ppc_btc,ppc_btc,ask,9.5E-4,1156.05,1450042872
65468874,BTC-E,ppc_btc,ppc_btc,ask,9.5E-4,0.713349,1450042872
65468873,BTC-E,ppc_btc,ppc_btc,ask,9.5E-4,0.1002,1450042872
65468872,BTC-E,ppc_btc,ppc_btc,ask,9.5E-4,0.1002,1450042872
65468871,BTC-E,ppc_btc,ppc_btc,ask,9.5E-4,7.86635,1450042872
65468870,BTC-E,ppc_btc,ppc_btc,ask,9.5E-4,1.03957,1450042872
65468688,BTC-E,ppc_btc,ppc_btc,bid,9.6E-4,101.32,1450042519
65468687,BTC-E,ppc_btc,ppc_btc,bid,9.6E-4,5.00777,1450042519
65468679,BTC-E,ppc_btc,ppc_btc,bid,9.6E-4,1.99223,1450042512
65468678,BTC-E,ppc_btc,ppc_btc,bid,9.6E-4,1.0172,1450042512
65468677,BTC-E,ppc_btc,ppc_btc,bid,9.6E-4,1.88761,1450042512
65468484,BTC-E,ppc_btc,ppc_btc,bid,9.6E-4,5.9626,1450042308
65468483,BTC-E,ppc_btc,ppc_btc,bid,9.6E-4,1.03287,1450042308
65468222,BTC-E,ppc_btc,ppc_btc,ask,9.5E-4,95.286,1450041886
65468221,BTC-E,ppc_btc,ppc_btc,ask,9.5E-4,1.92E-6,1450041886
65467612,BTC-E,ppc_btc,ppc_btc,bid,9.5E-4,335.22,1450041561
65467583,BTC-E,ppc_btc,ppc_btc,bid,9.5E-4,2.16755,1450041548
65467409,BTC-E,ppc_btc,ppc_btc,ask,9.4E-4,15.0992,1450041358
65467399,BTC-E,ppc_btc,ppc_btc,bid,9.5E-4,1.42843,1450041250
65467242,BTC-E,ppc_btc,ppc_btc,bid,9.5E-4,450.155,1450040934
65467239,BTC-E,ppc_btc,ppc_btc,bid,9.5E-4,10.02,1450040924
65467231,BTC-E,ppc_btc,ppc_btc,bid,9.5E-4,3.04199,1450040912
65467225,BTC-E,ppc_btc,ppc_btc,bid,9.5E-4,4.47503,1450040911
65467218,BTC-E,ppc_btc,ppc_btc,bid,9.5E-4,200.2,1450040854
65467216,BTC-E,ppc_btc,ppc_btc,bid,9.5E-4,200.2,1450040853
65467204,BTC-E,ppc_btc,ppc_btc,bid,9.5E-4,2.04268,1450040813
65467202,BTC-E,ppc_btc,ppc_btc,bid,9.5E-4,0.226838,1450040811
65467197,BTC-E,ppc_btc,ppc_btc,bid,9.5E-4,490.0,1450040784
65467196,BTC-E,ppc_btc,ppc_btc,bid,9.5E-4,485.932,1450040784
65467195,BTC-E,ppc_btc,ppc_btc,bid,9.5E-4,7.9911,1450040783
65467180,BTC-E,ppc_btc,ppc_btc,bid,9.5E-4,1.0066,1450040703
65467164,BTC-E,ppc_btc,ppc_btc,ask,9.5E-4,6.7519,1450040696
65467155,BTC-E,ppc_btc,ppc_btc,bid,9.4E-4,17.1717,1450040683
65467152,BTC-E,ppc_btc,ppc_btc,ask,9.4E-4,290.0,1450040683
65467151,BTC-E,ppc_btc,ppc_btc,ask,9.4E-4,116.186,1450040683
65467150,BTC-E,ppc_btc,ppc_btc,ask,9.4E-4,5.0,1450040683
65467149,BTC-E,ppc_btc,ppc_btc,ask,9.4E-4,1.0172,1450040683
65467148,BTC-E,ppc_btc,ppc_btc,ask,9.4E-4,8.00712,1450040683
65467147,BTC-E,ppc_btc,ppc_btc,ask,9.4E-4,1.0066,1450040683
65467146,BTC-E,ppc_btc,ppc_btc,ask,9.5E-4,11.5841,1450040683
65467117,BTC-E,ppc_btc,ppc_btc,ask,9.5E-4,4.917,1450040593
65467100,BTC-E,ppc_btc,ppc_btc,bid,9.5E-4,2.2637,1450040565
65467074,BTC-E,ppc_btc,ppc_btc,bid,9.5E-4,1.77112,1450040563
65467067,BTC-E,ppc_btc,ppc_btc,ask,9.5E-4,20.292,1450040563
65467066,BTC-E,ppc_btc,ppc_btc,ask,9.5E-4,2324.94,1450040563
65467065,BTC-E,ppc_btc,ppc_btc,ask,9.5E-4,7.86595,1450040563
65467064,BTC-E,ppc_btc,ppc_btc,ask,9.5E-4,1.03287,1450040563
65467013,BTC-E,ppc_btc,ppc_btc,bid,9.6E-4,0.0655674,1450040370
65466980,BTC-E,ppc_btc,ppc_btc,ask,9.5E-4,681.034,1450040347
65466977,BTC-E,ppc_btc,ppc_btc,bid,9.6E-4,7.78442,1450040344
65466975,BTC-E,ppc_btc,ppc_btc,bid,9.6E-4,1.02621,1450040344
65466955,BTC-E,ppc_btc,ppc_btc,ask,9.5E-4,7.86573,1450040251
65466954,BTC-E,ppc_btc,ppc_btc,ask,9.5E-4,1.02621,1450040251
65466953,BTC-E,ppc_btc,ppc_btc,ask,9.5E-4,116.188,1450040251
65466952,BTC-E,ppc_btc,ppc_btc,ask,9.5E-4,170.097,1450040251
65466853,BTC-E,ppc_btc,ppc_btc,ask,9.6E-4,104.597,1450040040
65466833,BTC-E,ppc_btc,ppc_btc,bid,9.6E-4,4.2872,1450040000
65466791,BTC-E,ppc_btc,ppc_btc,bid,9.6E-4,3.56256,1450039947
65466786,BTC-E,ppc_btc,ppc_btc,bid,9.6E-4,1.01959,1450039936
65466771,BTC-E,ppc_btc,ppc_btc,bid,9.5E-4,0.757301,1450039872
65466768,BTC-E,ppc_btc,ppc_btc,bid,9.5E-4,188.757,1450039872
65466764,BTC-E,ppc_btc,ppc_btc,ask,9.5E-4,1.01959,1450039872
65466763,BTC-E,ppc_btc,ppc_btc,ask,9.5E-4,115.586,1450039872
65466762,BTC-E,ppc_btc,ppc_btc,ask,9.5E-4,7.86549,1450039872
65466761,BTC-E,ppc_btc,ppc_btc,ask,9.6E-4,31.9978,1450039872
65466731,BTC-E,ppc_btc,ppc_btc,ask,9.6E-4,1.01302,1450039761
65466682,BTC-E,ppc_btc,ppc_btc,ask,9.5E-4,115.499,1450039724
65466681,BTC-E,ppc_btc,ppc_btc,ask,9.5E-4,1.01302,1450039724
65466680,BTC-E,ppc_btc,ppc_btc,ask,9.5E-4,502.0,1450039724
65466679,BTC-E,ppc_btc,ppc_btc,ask,9.6E-4,114.57,1450039724
65466670,BTC-E,ppc_btc,ppc_btc,bid,9.6E-4,2.1385,1450039686
65466653,BTC-E,ppc_btc,ppc_btc,bid,9.6E-4,11.9115,1450039637
65466642,BTC-E,ppc_btc,ppc_btc,ask,9.6E-4,0.95005,1450039617
65466640,BTC-E,ppc_btc,ppc_btc,bid,9.6E-4,1.0,1450039601
65466636,BTC-E,ppc_btc,ppc_btc,bid,9.6E-4,7.31411,1450039595
65466635,BTC-E,ppc_btc,ppc_btc,ask,9.5E-4,1.0,1450039592
65466634,BTC-E,ppc_btc,ppc_btc,bid,9.6E-4,269.23,1450039590
65466633,BTC-E,ppc_btc,ppc_btc,bid,9.6E-4,3.79E-6,1450039590
65466629,BTC-E,ppc_btc,ppc_btc,bid,9.6E-4,7.91811,1450039583
65466453,BTC-E,ppc_btc,ppc_btc,bid,9.7E-4,0.99351,1450039565
65466452,BTC-E,ppc_btc,ppc_btc,bid,9.6E-4,0.00649,1450039565
65466435,BTC-E,ppc_btc,ppc_btc,bid,9.4E-4,20.5414,1450039554
65466434,BTC-E,ppc_btc,ppc_btc,ask,9.4E-4,2834.78,1450039554
65466433,BTC-E,ppc_btc,ppc_btc,ask,9.4E-4,5.0,1450039554
65466432,BTC-E,ppc_btc,ppc_btc,ask,9.4E-4,0.7925,1450039554
65466431,BTC-E,ppc_btc,ppc_btc,ask,9.4E-4,0.75551,1450039554
65466430,BTC-E,ppc_btc,ppc_btc,ask,9.4E-4,0.68056,1450039554
65466429,BTC-E,ppc_btc,ppc_btc,ask,9.4E-4,0.53766,1450039554
65466428,BTC-E,ppc_btc,ppc_btc,ask,9.4E-4,0.60275,1450039554
65466427,BTC-E,ppc_btc,ppc_btc,ask,9.4E-4,0.57528,1450039554
65466426,BTC-E,ppc_btc,ppc_btc,ask,9.4E-4,0.57084,1450039554
65466425,BTC-E,ppc_btc,ppc_btc,ask,9.4E-4,0.54862,1450039554
65466424,BTC-E,ppc_btc,ppc_btc,ask,9.4E-4,0.54752,1450039554
65466423,BTC-E,ppc_btc,ppc_btc,ask,9.4E-4,0.45952,1450039554
65466422,BTC-E,ppc_btc,ppc_btc,ask,9.4E-4,0.43203,1450039554
65466421,BTC-E,ppc_btc,ppc_btc,ask,9.4E-4,0.37729,1450039554
65470719,BTC-E,ltc_usd,ltc_usd,bid,3.53916,0.112035,1450048823
65470718,BTC-E,ltc_usd,ltc_usd,bid,3.53916,0.115038,1450048823
65470717,BTC-E,ltc_usd,ltc_usd,bid,3.53744,0.165018,1450048823
65470716,BTC-E,ltc_usd,ltc_usd,bid,3.53505,0.112035,1450048823
65470715,BTC-E,ltc_usd,ltc_usd,bid,3.53496,0.112034,1450048823
65470714,BTC-E,ltc_usd,ltc_usd,bid,3.53456,0.112034,1450048823
65470713,BTC-E,ltc_usd,ltc_usd,bid,3.53437,0.165018,1450048823
65470712,BTC-E,ltc_usd,ltc_usd,bid,3.53425,0.115038,1450048823
65470711,BTC-E,ltc_usd,ltc_usd,bid,3.53282,0.165018,1450048823
65470710,BTC-E,ltc_usd,ltc_usd,bid,3.53273,3.8E-5,1450048823
65470703,BTC-E,ltc_usd,ltc_usd,bid,3.53273,0.115,1450048760
65470700,BTC-E,ltc_usd,ltc_usd,bid,3.53256,0.770962,1450048758
65470650,BTC-E,ltc_usd,ltc_usd,ask,3.53256,0.229038,1450048578
65470533,BTC-E,ltc_usd,ltc_usd,bid,3.52994,0.112034,1450048349
65470513,BTC-E,ltc_usd,ltc_usd,bid,3.52992,0.115038,1450048284
65470491,BTC-E,ltc_usd,ltc_usd,bid,3.5299,2.28392,1450048209
65470489,BTC-E,ltc_usd,ltc_usd,bid,3.5299,1.72099,1450048093
65470483,BTC-E,ltc_usd,ltc_usd,ask,3.5299,0.112568,1450048062
65470475,BTC-E,ltc_usd,ltc_usd,bid,3.5299,0.165018,1450048020
65470468,BTC-E,ltc_usd,ltc_usd,bid,3.52994,0.112035,1450047943
65470466,BTC-E,ltc_usd,ltc_usd,bid,3.53,0.223035,1450047911
65470465,BTC-E,ltc_usd,ltc_usd,bid,3.53,26.73,1450047908
65470464,BTC-E,ltc_usd,ltc_usd,ask,3.53011,0.33018,1450047908
65470463,BTC-E,ltc_usd,ltc_usd,ask,3.53107,0.223035,1450047908
65470462,BTC-E,ltc_usd,ltc_usd,ask,3.5315,0.223035,1450047908
65470461,BTC-E,ltc_usd,ltc_usd,ask,3.53179,0.229038,1450047908
65470460,BTC-E,ltc_usd,ltc_usd,ask,3.53219,0.224034,1450047908
65470459,BTC-E,ltc_usd,ltc_usd,ask,3.53219,0.223035,1450047908
65470458,BTC-E,ltc_usd,ltc_usd,ask,3.53246,0.229038,1450047908
65470451,BTC-E,ltc_usd,ltc_usd,bid,3.53273,0.112034,1450047868
65470450,BTC-E,ltc_usd,ltc_usd,bid,3.53273,0.112035,1450047868
65470440,BTC-E,ltc_usd,ltc_usd,bid,3.533,0.867014,1450047784
65470439,BTC-E,ltc_usd,ltc_usd,bid,3.53236,0.112034,1450047784
65470422,BTC-E,ltc_usd,ltc_usd,bid,3.53236,0.115038,1450047719
65470421,BTC-E,ltc_usd,ltc_usd,bid,3.53236,0.112035,1450047719
65470413,BTC-E,ltc_usd,ltc_usd,bid,3.533,2.00269,1450047643
65470409,BTC-E,ltc_usd,ltc_usd,bid,3.533,1.0,1450047627
65470404,BTC-E,ltc_usd,ltc_usd,bid,3.533,49.9319,1450047608
65470403,BTC-E,ltc_usd,ltc_usd,bid,3.53083,0.112035,1450047608
65470402,BTC-E,ltc_usd,ltc_usd,bid,3.53083,0.165018,1450047608
65470397,BTC-E,ltc_usd,ltc_usd,bid,3.533,50.209,1450047602
65470395,BTC-E,ltc_usd,ltc_usd,bid,3.533,2.48578,1450047600
65470381,BTC-E,ltc_usd,ltc_usd,bid,3.533,5.171,1450047592
65470380,BTC-E,ltc_usd,ltc_usd,bid,3.533,1.0,1450047565
65470379,BTC-E,ltc_usd,ltc_usd,bid,3.53083,0.112034,1450047563
65470352,BTC-E,ltc_usd,ltc_usd,ask,3.52,18.8744,1450047504
65470351,BTC-E,ltc_usd,ltc_usd,ask,3.52419,0.166076,1450047504
65470350,BTC-E,ltc_usd,ltc_usd,ask,3.52655,0.166076,1450047504
65470349,BTC-E,ltc_usd,ltc_usd,ask,3.5275,0.112651,1450047504
65470348,BTC-E,ltc_usd,ltc_usd,ask,3.52807,0.166076,1450047504
65470347,BTC-E,ltc_usd,ltc_usd,ask,3.529,0.229038,1450047504
65470346,BTC-E,ltc_usd,ltc_usd,ask,3.529,0.33018,1450047504
65470345,BTC-E,ltc_usd,ltc_usd,ask,3.52971,0.115591,1450047504
65470344,BTC-E,ltc_usd,ltc_usd,ask,3.53014,0.112568,1450047504
65470343,BTC-E,ltc_usd,ltc_usd,ask,3.53018,0.115591,1450047504
65470342,BTC-E,ltc_usd,ltc_usd,ask,3.53138,0.112651,1450047504
65470341,BTC-E,ltc_usd,ltc_usd,ask,3.53161,0.112568,1450047504
65470340,BTC-E,ltc_usd,ltc_usd,ask,3.532,0.352017,1450047504
65470339,BTC-E,ltc_usd,ltc_usd,ask,3.53208,0.115591,1450047504
65470338,BTC-E,ltc_usd,ltc_usd,ask,3.53233,0.229038,1450047504
65470337,BTC-E,ltc_usd,ltc_usd,ask,3.53243,0.223035,1450047504
65470335,BTC-E,ltc_usd,ltc_usd,ask,3.53374,0.115591,1450047501
65470334,BTC-E,ltc_usd,ltc_usd,ask,3.53387,0.112568,1450047501
65470327,BTC-E,ltc_usd,ltc_usd,ask,3.53389,0.33018,1450047467
65470300,BTC-E,ltc_usd,ltc_usd,bid,3.53392,0.229038,1450047381
65470299,BTC-E,ltc_usd,ltc_usd,ask,3.53392,0.223035,1450047374
65470298,BTC-E,ltc_usd,ltc_usd,bid,3.53397,0.165018,1450047371
65470297,BTC-E,ltc_usd,ltc_usd,bid,3.53397,0.112034,1450047371
65470283,BTC-E,ltc_usd,ltc_usd,ask,3.534,14.8859,1450047301
65470282,BTC-E,ltc_usd,ltc_usd,ask,3.53408,0.224034,1450047301
65470281,BTC-E,ltc_usd,ltc_usd,bid,3.53425,0.112035,1450047294
65470278,BTC-E,ltc_usd,ltc_usd,ask,3.53424,0.229038,1450047216
65470274,BTC-E,ltc_usd,ltc_usd,bid,3.53472,24.4779,1450047208
65470271,BTC-E,ltc_usd,ltc_usd,ask,3.5344,0.33018,1450047203
65470267,BTC-E,ltc_usd,ltc_usd,bid,3.53472,0.263143,1450047184
65470261,BTC-E,ltc_usd,ltc_usd,ask,3.53435,0.112568,1450047158
65470258,BTC-E,ltc_usd,ltc_usd,ask,3.53463,0.224034,1450047150
65470256,BTC-E,ltc_usd,ltc_usd,ask,3.53472,0.223035,1450047142
65470255,BTC-E,ltc_usd,ltc_usd,ask,3.53478,0.33018,1450047131
65470247,BTC-E,ltc_usd,ltc_usd,bid,3.5349,0.115038,1450047053
65470229,BTC-E,ltc_usd,ltc_usd,ask,3.53538,0.224034,1450047014
65470228,BTC-E,ltc_usd,ltc_usd,ask,3.53538,0.33018,1450047014
65470227,BTC-E,ltc_usd,ltc_usd,ask,3.53607,0.223035,1450047014
65470226,BTC-E,ltc_usd,ltc_usd,ask,3.53653,0.229038,1450047014
65470209,BTC-E,ltc_usd,ltc_usd,ask,3.53538,0.223035,1450046892
65470208,BTC-E,ltc_usd,ltc_usd,ask,3.53518,0.115591,1450046839
65470206,BTC-E,ltc_usd,ltc_usd,ask,3.53515,0.229038,1450046804
65470204,BTC-E,ltc_usd,ltc_usd,ask,3.53515,0.224034,1450046786
65470199,BTC-E,ltc_usd,ltc_usd,ask,3.536,0.33018,1450046725
65470198,BTC-E,ltc_usd,ltc_usd,ask,3.536,0.224034,1450046725
65470197,BTC-E,ltc_usd,ltc_usd,ask,3.53775,0.33018,1450046724
65470195,BTC-E,ltc_usd,ltc_usd,ask,3.53775,0.223035,1450046718
65470191,BTC-E,ltc_usd,ltc_usd,bid,3.54124,48.4938,1450046699
65470190,BTC-E,ltc_usd,ltc_usd,bid,3.541,0.9,1450046699
65470189,BTC-E,ltc_usd,ltc_usd,bid,3.538,0.115038,1450046699
65470188,BTC-E,ltc_usd,ltc_usd,bid,3.537,0.112035,1450046699
65470187,BTC-E,ltc_usd,ltc_usd,bid,3.53667,0.112034,1450046699
65470186,BTC-E,ltc_usd,ltc_usd,bid,3.53656,0.115038,1450046699
65470185,BTC-E,ltc_usd,ltc_usd,bid,3.53652,0.112035,1450046699
65470184,BTC-E,ltc_usd,ltc_usd,bid,3.53652,0.165018,1450046699
65470183,BTC-E,ltc_usd,ltc_usd,ask,3.53633,0.229038,1450046692
65470182,BTC-E,ltc_usd,ltc_usd,ask,3.53644,0.223035,1450046683
65470181,BTC-E,ltc_usd,ltc_usd,ask,3.53648,0.224034,1450046682
65470176,BTC-E,ltc_usd,ltc_usd,bid,3.535,0.165018,1450046570
65470175,BTC-E,ltc_usd,ltc_usd,bid,3.533,1.0E-8,1450046567
65470174,BTC-E,ltc_usd,ltc_usd,bid,3.53278,0.112035,1450046567
65470173,BTC-E,ltc_usd,ltc_usd,bid,3.53278,0.112034,1450046567
65470172,BTC-E,ltc_usd,ltc_usd,bid,3.53263,0.165018,1450046567
65470171,BTC-E,ltc_usd,ltc_usd,bid,3.53253,0.115038,1450046567
65470156,BTC-E,ltc_usd,ltc_usd,ask,3.5325,0.166076,1450046462
65470155,BTC-E,ltc_usd,ltc_usd,ask,3.53233,0.33018,1450046460
65470153,BTC-E,ltc_usd,ltc_usd,bid,3.533,0.115038,1450046451
65470151,BTC-E,ltc_usd,ltc_usd,bid,3.53,0.008,1450046429
65470150,BTC-E,ltc_usd,ltc_usd,bid,3.53,2.69,1450046428
65470145,BTC-E,ltc_usd,ltc_usd,ask,3.531,0.223035,1450046412
65470144,BTC-E,ltc_usd,ltc_usd,ask,3.5335,0.346935,1450046408
65470134,BTC-E,ltc_usd,ltc_usd,ask,3.534,0.229038,1450046392
65470090,BTC-E,ltc_usd,ltc_usd,ask,3.532,0.224034,1450046384
65470086,BTC-E,ltc_usd,ltc_usd,ask,3.532,0.350717,1450046350
65470069,BTC-E,ltc_usd,ltc_usd,ask,3.523,138.59,1450046285
65470067,BTC-E,ltc_usd,ltc_usd,bid,3.52,43.6243,1450046274
65470065,BTC-E,ltc_usd,ltc_usd,ask,3.52,41.1597,1450046273
65470064,BTC-E,ltc_usd,ltc_usd,ask,3.52,0.10365,1450046273
65470063,BTC-E,ltc_usd,ltc_usd,ask,3.52134,0.250206,1450046273
65470062,BTC-E,ltc_usd,ltc_usd,ask,3.52134,75.0,1450046273
65470060,BTC-E,ltc_usd,ltc_usd,ask,3.52159,0.697038,1450046273
65470058,BTC-E,ltc_usd,ltc_usd,ask,3.52288,0.250206,1450046273
65470056,BTC-E,ltc_usd,ltc_usd,ask,3.523,1.0,1450046273
65470054,BTC-E,ltc_usd,ltc_usd,ask,3.52588,0.166804,1450046273
65470053,BTC-E,ltc_usd,ltc_usd,ask,3.526,14.1,1450046273
65470052,BTC-E,ltc_usd,ltc_usd,ask,3.526,1.0,1450046273
65470051,BTC-E,ltc_usd,ltc_usd,ask,3.52736,0.250206,1450046273
65470050,BTC-E,ltc_usd,ltc_usd,ask,3.52753,0.350717,1450046273
65470049,BTC-E,ltc_usd,ltc_usd,ask,3.52832,0.250206,1450046273
65470048,BTC-E,ltc_usd,ltc_usd,ask,3.5289,0.250206,1450046273
65470047,BTC-E,ltc_usd,ltc_usd,ask,3.529,1.0,1450046273
65470046,BTC-E,ltc_usd,ltc_usd,ask,3.53039,5.6651,1450046273
65470045,BTC-E,ltc_usd,ltc_usd,ask,3.53053,0.250206,1450046273
65470044,BTC-E,ltc_usd,ltc_usd,ask,3.53124,25.0,1450046273
65470043,BTC-E,ltc_usd,ltc_usd,ask,3.53146,109.587,1450046273
65470042,BTC-E,ltc_usd,ltc_usd,ask,3.53146,26.9138,1450046273
65470038,BTC-E,ltc_usd,ltc_usd,ask,3.53691,0.33018,1450046254
65470037,BTC-E,ltc_usd,ltc_usd,ask,3.5371,0.166076,1450046254
65470036,BTC-E,ltc_usd,ltc_usd,ask,3.53853,0.166076,1450046253
65470035,BTC-E,ltc_usd,ltc_usd,bid,3.54124,9.0,1450046252
65470031,BTC-E,ltc_usd,ltc_usd,ask,3.53935,0.166076,1450046251
65470030,BTC-E,ltc_usd,ltc_usd,ask,3.54124,0.33018,1450046250
65469941,BTC-E,ltc_usd,ltc_usd,bid,3.55,0.670299,1450045868
65469940,BTC-E,ltc_usd,ltc_usd,bid,3.5499,0.164684,1450045868
65469939,BTC-E,ltc_usd,ltc_usd,bid,3.54701,0.165018,1450045868
65470752,BTC-E,usd_rur,usd_rur,ask,69.61,1.39464,1450049076
65470436,BTC-E,usd_rur,usd_rur,bid,69.978,5.0,1450047768
65470170,BTC-E,usd_rur,usd_rur,bid,69.98,1.39,1450046560
65469721,BTC-E,usd_rur,usd_rur,ask,69.61,0.428796,1450045532
65469315,BTC-E,usd_rur,usd_rur,bid,69.99,1.8,1450044043
65469194,BTC-E,usd_rur,usd_rur,bid,69.99,485.703,1450043794
65469193,BTC-E,usd_rur,usd_rur,bid,69.99,14.2969,1450043794
65469136,BTC-E,usd_rur,usd_rur,ask,69.61,8.79124,1450043511
65469089,BTC-E,usd_rur,usd_rur,ask,69.61,6.14437,1450043407
65468669,BTC-E,usd_rur,usd_rur,bid,69.998,0.00918853,1450042488
65468666,BTC-E,usd_rur,usd_rur,bid,69.61,4.29619,1450042488
65468161,BTC-E,usd_rur,usd_rur,bid,69.99,0.5459,1450041753
65468137,BTC-E,usd_rur,usd_rur,bid,69.998,373.309,1450041730
65468127,BTC-E,usd_rur,usd_rur,bid,69.998,34.5126,1450041729
65468058,BTC-E,usd_rur,usd_rur,bid,69.998,97.9703,1450041728
65467989,BTC-E,usd_rur,usd_rur,bid,69.998,92.1979,1450041726
65467988,BTC-E,usd_rur,usd_rur,bid,69.9921,0.2644,1450041726
65467987,BTC-E,usd_rur,usd_rur,bid,69.99,0.3783,1450041726
65467986,BTC-E,usd_rur,usd_rur,bid,69.99,22.9438,1450041726
65467957,BTC-E,usd_rur,usd_rur,bid,69.99,27.0562,1450041704
65467956,BTC-E,usd_rur,usd_rur,bid,69.99,99.0,1450041704
65467951,BTC-E,usd_rur,usd_rur,bid,69.98,45.0,1450041703
65467950,BTC-E,usd_rur,usd_rur,bid,69.9712,0.66,1450041703
65467949,BTC-E,usd_rur,usd_rur,bid,69.97,103.433,1450041703
65467947,BTC-E,usd_rur,usd_rur,bid,69.97,24.8677,1450041703
65467944,BTC-E,usd_rur,usd_rur,bid,69.97,0.723344,1450041702
65467943,BTC-E,usd_rur,usd_rur,bid,69.97,20.4296,1450041702
65467934,BTC-E,usd_rur,usd_rur,bid,69.97,79.5704,1450041685
65467933,BTC-E,usd_rur,usd_rur,bid,69.94,180.939,1450041685
65467929,BTC-E,usd_rur,usd_rur,bid,69.94,137.553,1450041681
65467928,BTC-E,usd_rur,usd_rur,bid,69.94,235.8,1450041681
65467906,BTC-E,usd_rur,usd_rur,bid,69.94,56.1314,1450041677
65467905,BTC-E,usd_rur,usd_rur,bid,69.94,4.92055,1450041677
65467904,BTC-E,usd_rur,usd_rur,bid,69.935,1.79893,1450041677
65467902,BTC-E,usd_rur,usd_rur,bid,69.935,31.4511,1450041677
65467901,BTC-E,usd_rur,usd_rur,bid,69.93,228.343,1450041677
65467890,BTC-E,usd_rur,usd_rur,bid,69.93,0.557673,1450041668
65467882,BTC-E,usd_rur,usd_rur,bid,69.93,201.898,1450041652
65467881,BTC-E,usd_rur,usd_rur,bid,69.92,64.0367,1450041652
65467747,BTC-E,usd_rur,usd_rur,bid,69.92,85.9633,1450041608
65467746,BTC-E,usd_rur,usd_rur,bid,69.919,150.0,1450041608
65467745,BTC-E,usd_rur,usd_rur,bid,69.91,50.0,1450041608
65467744,BTC-E,usd_rur,usd_rur,bid,69.9,10.0,1450041608
65467743,BTC-E,usd_rur,usd_rur,bid,69.9,100.0,1450041608
65467742,BTC-E,usd_rur,usd_rur,bid,69.9,34.0367,1450041608
65467728,BTC-E,usd_rur,usd_rur,bid,69.8,10.0,1450041596
65467441,BTC-E,usd_rur,usd_rur,ask,69.61,5.22688,1450041410
65466981,BTC-E,usd_rur,usd_rur,ask,69.61,33.575,1450040347
65466767,BTC-E,usd_rur,usd_rur,ask,69.61,78.2643,1450039872
65466739,BTC-E,usd_rur,usd_rur,bid,69.61,44.1537,1450039778
65466738,BTC-E,usd_rur,usd_rur,ask,69.61,3.47666,1450039777
65466240,BTC-E,usd_rur,usd_rur,bid,69.89,30.2516,1450039355
65466239,BTC-E,usd_rur,usd_rur,bid,69.8,8.20654,1450039355
65465923,BTC-E,usd_rur,usd_rur,ask,69.61,48.0,1450038753
65465914,BTC-E,usd_rur,usd_rur,ask,69.61,1.23069,1450038720
65465538,BTC-E,usd_rur,usd_rur,ask,69.61,3.55993,1450037917
65465468,BTC-E,usd_rur,usd_rur,ask,69.6,34.6682,1450037637
65465287,BTC-E,usd_rur,usd_rur,bid,69.6359,11.6751,1450036882
65465126,BTC-E,usd_rur,usd_rur,bid,69.8,2.80824,1450036612
65465083,BTC-E,usd_rur,usd_rur,bid,69.8,2.195,1450036551
65464984,BTC-E,usd_rur,usd_rur,bid,69.8,126.205,1450036387
65464705,BTC-E,usd_rur,usd_rur,ask,69.6359,44.816,1450036092
65464669,BTC-E,usd_rur,usd_rur,ask,69.6359,31.4467,1450035954
65464668,BTC-E,usd_rur,usd_rur,ask,69.6359,249.269,1450035953
65464661,BTC-E,usd_rur,usd_rur,bid,69.9,2.16737,1450035935
65464634,BTC-E,usd_rur,usd_rur,ask,69.6359,5.0583,1450035856
65464598,BTC-E,usd_rur,usd_rur,ask,69.8,37.4272,1450035774
65464597,BTC-E,usd_rur,usd_rur,bid,69.8,3.29324,1450035771
65464567,BTC-E,usd_rur,usd_rur,ask,69.6359,47.4656,1450035573
65464557,BTC-E,usd_rur,usd_rur,ask,69.8,0.885938,1450035556
65464556,BTC-E,usd_rur,usd_rur,ask,69.8,3.29324,1450035555
65464554,BTC-E,usd_rur,usd_rur,bid,69.8,0.935346,1450035541
65464552,BTC-E,usd_rur,usd_rur,bid,69.8,1.09465,1450035526
65464286,BTC-E,usd_rur,usd_rur,ask,69.635,402.528,1450034865
65464284,BTC-E,usd_rur,usd_rur,ask,69.64,30.0,1450034865
65464224,BTC-E,usd_rur,usd_rur,ask,69.636,43.2283,1450034530
65464174,BTC-E,usd_rur,usd_rur,bid,69.636,59.3221,1450034265
65464050,BTC-E,usd_rur,usd_rur,ask,69.636,1.47787,1450033981
65464011,BTC-E,usd_rur,usd_rur,ask,69.635,35.6411,1450033704
65463968,BTC-E,usd_rur,usd_rur,ask,69.635,102.0,1450033582
65463815,BTC-E,usd_rur,usd_rur,ask,69.63,133.0,1450033302
65463737,BTC-E,usd_rur,usd_rur,ask,69.625,0.334,1450033128
65463422,BTC-E,usd_rur,usd_rur,ask,69.62,0.498123,1450032217
65463385,BTC-E,usd_rur,usd_rur,ask,69.645,257.694,1450032042
65463383,BTC-E,usd_rur,usd_rur,ask,69.65,25.7003,1450032042
65463311,BTC-E,usd_rur,usd_rur,bid,69.9,10.0,1450031852
65463309,BTC-E,usd_rur,usd_rur,bid,69.9,0.1,1450031848
65463282,BTC-E,usd_rur,usd_rur,ask,69.65,2.44323,1450031742
65463085,BTC-E,usd_rur,usd_rur,ask,69.64,1.0,1450031042
65463071,BTC-E,usd_rur,usd_rur,ask,69.64,0.1,1450031015
65463052,BTC-E,usd_rur,usd_rur,ask,69.649,86.4628,1450030904
65463030,BTC-E,usd_rur,usd_rur,ask,69.649,0.1,1450030846
65462899,BTC-E,usd_rur,usd_rur,ask,69.62,8.64268,1450030182
65462835,BTC-E,usd_rur,usd_rur,ask,69.62,135.001,1450030007
65462780,BTC-E,usd_rur,usd_rur,ask,69.65,5.50355,1450029940
65462666,BTC-E,usd_rur,usd_rur,ask,69.62,0.5,1450029680
65462397,BTC-E,usd_rur,usd_rur,bid,69.9,105.863,1450028904
65462396,BTC-E,usd_rur,usd_rur,bid,69.9,32.1367,1450028904
65462357,BTC-E,usd_rur,usd_rur,bid,69.9,48.3835,1450028798
65462312,BTC-E,usd_rur,usd_rur,bid,69.9,0.7,1450028646
65462216,BTC-E,usd_rur,usd_rur,ask,69.62,1.0,1450028382
65462207,BTC-E,usd_rur,usd_rur,bid,69.9,0.5,1450028359
65462206,BTC-E,usd_rur,usd_rur,bid,69.89,16.5,1450028359
65462163,BTC-E,usd_rur,usd_rur,bid,69.89,3.5,1450028212
65462001,BTC-E,usd_rur,usd_rur,ask,69.62,5.37,1450027829
65461918,BTC-E,usd_rur,usd_rur,bid,69.89,10.1805,1450027780
65461810,BTC-E,usd_rur,usd_rur,ask,69.6,44.3151,1450027650
65461774,BTC-E,usd_rur,usd_rur,ask,69.592,4.76541,1450027509
65461418,BTC-E,usd_rur,usd_rur,ask,69.595,6.51318,1450026468
65461362,BTC-E,usd_rur,usd_rur,ask,69.8841,0.01,1450026305
65461361,BTC-E,usd_rur,usd_rur,bid,69.8841,0.11,1450026305
65461344,BTC-E,usd_rur,usd_rur,ask,69.594,14.6268,1450026209
65461185,BTC-E,usd_rur,usd_rur,ask,69.599,107.812,1450025614
65461123,BTC-E,usd_rur,usd_rur,ask,69.6,9.41669,1450025452
65461007,BTC-E,usd_rur,usd_rur,ask,69.6,21.556,1450025304
65460913,BTC-E,usd_rur,usd_rur,ask,69.599,0.672089,1450025072
65460668,BTC-E,usd_rur,usd_rur,bid,69.89,0.822086,1450024508
65460654,BTC-E,usd_rur,usd_rur,ask,69.61,10.6102,1450024477
65460621,BTC-E,usd_rur,usd_rur,ask,69.59,160.0,1450024339
65460614,BTC-E,usd_rur,usd_rur,bid,69.89,9.51,1450024329
65460611,BTC-E,usd_rur,usd_rur,ask,69.59,211.308,1450024316
65460526,BTC-E,usd_rur,usd_rur,ask,69.59,12.935,1450024161
65460446,BTC-E,usd_rur,usd_rur,ask,69.59,1.45233,1450024045
65460443,BTC-E,usd_rur,usd_rur,ask,69.59,4.78001,1450024045
65460408,BTC-E,usd_rur,usd_rur,bid,69.9,140.215,1450023897
65460202,BTC-E,usd_rur,usd_rur,ask,69.59,3.67257,1450023160
65460190,BTC-E,usd_rur,usd_rur,ask,69.59,86.2225,1450023113
65460124,BTC-E,usd_rur,usd_rur,ask,69.59,9.97011,1450022894
65460098,BTC-E,usd_rur,usd_rur,ask,69.7,140.617,1450022773
65460095,BTC-E,usd_rur,usd_rur,ask,69.59,723.943,1450022759
65460093,BTC-E,usd_rur,usd_rur,ask,69.6,2.0,1450022759
65459777,BTC-E,usd_rur,usd_rur,bid,69.935,2.0,1450021951
65459740,BTC-E,usd_rur,usd_rur,ask,69.59,74.45,1450021746
65459716,BTC-E,usd_rur,usd_rur,ask,69.59,203.688,1450021654
65459698,BTC-E,usd_rur,usd_rur,ask,69.59,0.744,1450021625
65459696,BTC-E,usd_rur,usd_rur,ask,69.59,7.21929,1450021624
65459691,BTC-E,usd_rur,usd_rur,ask,69.59,7.21929,1450021622
65459689,BTC-E,usd_rur,usd_rur,ask,69.59,1.82183,1450021622
65459627,BTC-E,usd_rur,usd_rur,ask,69.59,7.72689,1450021402
65459584,BTC-E,usd_rur,usd_rur,ask,69.59,38.247,1450021243
65459563,BTC-E,usd_rur,usd_rur,bid,69.94,104.577,1450021155
65459562,BTC-E,usd_rur,usd_rur,bid,69.939,0.300001,1450021155
65459561,BTC-E,usd_rur,usd_rur,bid,69.9312,0.66,1450021155
65459560,BTC-E,usd_rur,usd_rur,bid,69.93,79.6826,1450021155
65459559,BTC-E,usd_rur,usd_rur,bid,69.9136,0.11,1450021155
65459558,BTC-E,usd_rur,usd_rur,bid,69.913,40.4802,1450021155
65459557,BTC-E,usd_rur,usd_rur,bid,69.91,11.6178,1450021155
65459556,BTC-E,usd_rur,usd_rur,bid,69.9,189.575,1450021155
65459555,BTC-E,usd_rur,usd_rur,bid,69.9,7.37066,1450021155
65459553,BTC-E,usd_rur,usd_rur,bid,69.8938,0.11,1450021155
65470647,BTC-E,ppc_usd,ppc_usd,ask,0.411,12.0,1450048544
65470646,BTC-E,ppc_usd,ppc_usd,ask,0.411,0.629739,1450048544
65470645,BTC-E,ppc_usd,ppc_usd,ask,0.411,1.42128,1450048544
65470644,BTC-E,ppc_usd,ppc_usd,ask,0.411,1.42128,1450048543
65470643,BTC-E,ppc_usd,ppc_usd,ask,0.411,1.42128,1450048543
65470642,BTC-E,ppc_usd,ppc_usd,ask,0.411,1.42128,1450048543
65470641,BTC-E,ppc_usd,ppc_usd,ask,0.411,1.42128,1450048543
65470640,BTC-E,ppc_usd,ppc_usd,ask,0.411,1.42128,1450048542
65470639,BTC-E,ppc_usd,ppc_usd,ask,0.411,1.42128,1450048542
65470638,BTC-E,ppc_usd,ppc_usd,ask,0.411,1.42128,1450048542
65470637,BTC-E,ppc_usd,ppc_usd,ask,0.411,3.19569,1450048542
65470529,BTC-E,ppc_usd,ppc_usd,bid,0.414,0.1,1450048334
65470528,BTC-E,ppc_usd,ppc_usd,bid,0.414,17.624,1450048334
65470527,BTC-E,ppc_usd,ppc_usd,bid,0.414,110.218,1450048334
65470525,BTC-E,ppc_usd,ppc_usd,bid,0.414,36.0721,1450048334
65470521,BTC-E,ppc_usd,ppc_usd,bid,0.414,40.0802,1450048333
65470488,BTC-E,ppc_usd,ppc_usd,bid,0.414,9.22881,1450048076
65470141,BTC-E,ppc_usd,ppc_usd,ask,0.41,20.0,1450046395
65470140,BTC-E,ppc_usd,ppc_usd,ask,0.41,40.0,1450046395
65470139,BTC-E,ppc_usd,ppc_usd,ask,0.41,40.0,1450046395
65470138,BTC-E,ppc_usd,ppc_usd,ask,0.41,40.0,1450046395
65470137,BTC-E,ppc_usd,ppc_usd,ask,0.41,20.0,1450046395
65470131,BTC-E,ppc_usd,ppc_usd,ask,0.41,16.7896,1450046391
65470070,BTC-E,ppc_usd,ppc_usd,ask,0.41,424.38,1450046285
65470059,BTC-E,ppc_usd,ppc_usd,ask,0.41,232.282,1450046273
65469718,BTC-E,ppc_usd,ppc_usd,ask,0.41,1.04794,1450045525
65469586,BTC-E,ppc_usd,ppc_usd,ask,0.41,0.216258,1450044973
65469573,BTC-E,ppc_usd,ppc_usd,ask,0.41,0.216258,1450044925
65469558,BTC-E,ppc_usd,ppc_usd,ask,0.41,0.216258,1450044864
65469542,BTC-E,ppc_usd,ppc_usd,bid,0.411,0.14361,1450044811
65469541,BTC-E,ppc_usd,ppc_usd,ask,0.411,6.38E-6,1450044807
65469540,BTC-E,ppc_usd,ppc_usd,ask,0.411,270.0,1450044802
65469446,BTC-E,ppc_usd,ppc_usd,ask,0.41,113.084,1450044462
65469445,BTC-E,ppc_usd,ppc_usd,ask,0.41,66.9162,1450044462
65469440,BTC-E,ppc_usd,ppc_usd,ask,0.41,7.54957,1450044408
65469424,BTC-E,ppc_usd,ppc_usd,ask,0.41,4.9684,1450044322
65469423,BTC-E,ppc_usd,ppc_usd,ask,0.41,36.7947,1450044321
65469422,BTC-E,ppc_usd,ppc_usd,ask,0.41,34.0,1450044321
65469421,BTC-E,ppc_usd,ppc_usd,ask,0.41,14.8999,1450044321
65469420,BTC-E,ppc_usd,ppc_usd,ask,0.41,512.415,1450044321
65469419,BTC-E,ppc_usd,ppc_usd,ask,0.41,3.08759,1450044321
65469418,BTC-E,ppc_usd,ppc_usd,ask,0.41,3.08759,1450044321
65469417,BTC-E,ppc_usd,ppc_usd,ask,0.41,3.08759,1450044321
65469416,BTC-E,ppc_usd,ppc_usd,ask,0.41,2.45794,1450044321
65469368,BTC-E,ppc_usd,ppc_usd,bid,0.413,49.3922,1450044131
65469267,BTC-E,ppc_usd,ppc_usd,bid,0.413,11.4782,1450043975
65469113,BTC-E,ppc_usd,ppc_usd,bid,0.413,282.874,1450043493
65469056,BTC-E,ppc_usd,ppc_usd,bid,0.412,525.785,1450043233
65469055,BTC-E,ppc_usd,ppc_usd,ask,0.41,0.629646,1450043228
65469054,BTC-E,ppc_usd,ppc_usd,ask,0.41,3.08759,1450043228
65469053,BTC-E,ppc_usd,ppc_usd,ask,0.41,3.08759,1450043228
65469052,BTC-E,ppc_usd,ppc_usd,ask,0.41,3.08759,1450043228
65469051,BTC-E,ppc_usd,ppc_usd,ask,0.41,3.08759,1450043228
65469047,BTC-E,ppc_usd,ppc_usd,bid,0.412,2.0,1450043206
65469013,BTC-E,ppc_usd,ppc_usd,ask,0.41,6.43695,1450043101
65469011,BTC-E,ppc_usd,ppc_usd,ask,0.41,1.44114,1450043101
65469010,BTC-E,ppc_usd,ppc_usd,ask,0.41,4.98997,1450043101
65469008,BTC-E,ppc_usd,ppc_usd,ask,0.41,6.37271,1450043100
65468932,BTC-E,ppc_usd,ppc_usd,ask,0.41,11.6118,1450042994
65468916,BTC-E,ppc_usd,ppc_usd,ask,0.41,19.2573,1450042943
65468904,BTC-E,ppc_usd,ppc_usd,ask,0.41,19.3606,1450042920
65468890,BTC-E,ppc_usd,ppc_usd,ask,0.411,21.44,1450042890
65468886,BTC-E,ppc_usd,ppc_usd,ask,0.41,66.5456,1450042873
65468885,BTC-E,ppc_usd,ppc_usd,ask,0.41,597.077,1450042873
65468884,BTC-E,ppc_usd,ppc_usd,ask,0.41,128.303,1450042873
65468883,BTC-E,ppc_usd,ppc_usd,ask,0.41,92.4891,1450042873
65468882,BTC-E,ppc_usd,ppc_usd,ask,0.41,47.1007,1450042873
65468881,BTC-E,ppc_usd,ppc_usd,ask,0.41,1.0,1450042873
65468880,BTC-E,ppc_usd,ppc_usd,ask,0.41,183.805,1450042873
65468879,BTC-E,ppc_usd,ppc_usd,ask,0.41,38.577,1450042873
65468869,BTC-E,ppc_usd,ppc_usd,bid,0.414,0.202,1450042871
65468819,BTC-E,ppc_usd,ppc_usd,bid,0.414,0.156,1450042730
65468803,BTC-E,ppc_usd,ppc_usd,bid,0.414,0.257,1450042694
65468787,BTC-E,ppc_usd,ppc_usd,bid,0.414,0.404,1450042658
65468749,BTC-E,ppc_usd,ppc_usd,bid,0.414,0.329,1450042621
65468722,BTC-E,ppc_usd,ppc_usd,bid,0.414,0.288,1450042548
65468676,BTC-E,ppc_usd,ppc_usd,bid,0.414,0.417,1450042511
65468624,BTC-E,ppc_usd,ppc_usd,bid,0.414,0.221,1450042473
65468599,BTC-E,ppc_usd,ppc_usd,bid,0.414,0.336,1450042437
