Id,Provenance,Exchange,Symbol_Pair,Type,Price,Volume,Timestamp
615362-BTCUSD,BITFINEX,BTCUSD,BTCUSD,Buy,434.6,0.02106094,1450056609
615361-BTCUSD,BITFINEX,BTCUSD,BTCUSD,Buy,434.39,0.09414643,1450056609
615360-BTCUSD,BITFINEX,BTCUSD,BTCUSD,Buy,434.0,2.67306964,1450056601
615359-BTCUSD,BITFINEX,BTCUSD,BTCUSD,Buy,434.0,1.58,1450056558
615358-BTCUSD,BITFINEX,BTCUSD,BTCUSD,Buy,434.0,1.63,1450056543
615357-BTCUSD,BITFINEX,BTCUSD,BTCUSD,Sell,433.99,0.55,1450056536
615356-BTCUSD,BITFINEX,BTCUSD,BTCUSD,Sell,433.96,0.1,1450056515
615355-BTCUSD,BITFINEX,BTCUSD,BTCUSD,Buy,434.0,4.0,1450056494
615354-BTCUSD,BITFINEX,BTCUSD,BTCUSD,Buy,434.0,11.8,1450056479
615353-BTCUSD,BITFINEX,BTCUSD,BTCUSD,Buy,434.0,1.08,1450056475
615352-BTCUSD,BITFINEX,BTCUSD,BTCUSD,Buy,434.0,0.13,1450056459
615351-BTCUSD,BITFINEX,BTCUSD,BTCUSD,Buy,434.0,5.0,1450056459
615350-BTCUSD,BITFINEX,BTCUSD,BTCUSD,Buy,434.0,1.17,1450056457
615349-BTCUSD,BITFINEX,BTCUSD,BTCUSD,Buy,434.0,11.61,1450056431
615348-BTCUSD,BITFINEX,BTCUSD,BTCUSD,Buy,433.93,13.39,1450056431
615347-BTCUSD,BITFINEX,BTCUSD,BTCUSD,Buy,433.93,1.35,1450056395
615346-BTCUSD,BITFINEX,BTCUSD,BTCUSD,Buy,433.93,0.26,1450056348
615345-BTCUSD,BITFINEX,BTCUSD,BTCUSD,Sell,433.91,1.57098756,1450056343
615344-BTCUSD,BITFINEX,BTCUSD,BTCUSD,Sell,433.92,0.048,1450056343
615343-BTCUSD,BITFINEX,BTCUSD,BTCUSD,Sell,433.92,0.5,1450056343
615342-BTCUSD,BITFINEX,BTCUSD,BTCUSD,Sell,433.85,0.17195694,1450056292
615341-BTCUSD,BITFINEX,BTCUSD,BTCUSD,Sell,433.9,1.0,1450056292
615340-BTCUSD,BITFINEX,BTCUSD,BTCUSD,Sell,433.84,0.01517099,1450056285
615339-BTCUSD,BITFINEX,BTCUSD,BTCUSD,Sell,433.84,0.47251095,1450056285
615338-BTCUSD,BITFINEX,BTCUSD,BTCUSD,Sell,433.85,0.22,1450056285
84126-LTCUSD,BITFINEX,LTCUSD,LTCUSD,Buy,3.5902,1.33999409,1450056356
84125-LTCUSD,BITFINEX,LTCUSD,LTCUSD,Buy,3.5903,2.51525311,1450056349
84124-LTCUSD,BITFINEX,LTCUSD,LTCUSD,Buy,3.5902,3.35839315,1450056344
84123-LTCUSD,BITFINEX,LTCUSD,LTCUSD,Sell,3.5567,1.608439,1450056200
84122-LTCUSD,BITFINEX,LTCUSD,LTCUSD,Sell,3.5635,0.25825867,1450056200
84121-LTCUSD,BITFINEX,LTCUSD,LTCUSD,Buy,3.5583,0.00604133,1450056184
84120-LTCUSD,BITFINEX,LTCUSD,LTCUSD,Sell,3.5567,2.0,1450056177
84119-LTCUSD,BITFINEX,LTCUSD,LTCUSD,Sell,3.5567,2.0,1450056175
84118-LTCUSD,BITFINEX,LTCUSD,LTCUSD,Sell,3.5567,2.0,1450056173
84117-LTCUSD,BITFINEX,LTCUSD,LTCUSD,Buy,3.5583,1.99395867,1450056114
84116-LTCUSD,BITFINEX,LTCUSD,LTCUSD,Buy,3.5583,2.0,1450056114
84115-LTCUSD,BITFINEX,LTCUSD,LTCUSD,Buy,3.5583,2.0,1450056114
84114-LTCUSD,BITFINEX,LTCUSD,LTCUSD,Buy,3.5583,2.0,1450056114
84113-LTCUSD,BITFINEX,LTCUSD,LTCUSD,Buy,3.5583,0.94604133,1450056114
84112-LTCUSD,BITFINEX,LTCUSD,LTCUSD,Sell,3.5583,1.05395867,1450056028
84111-LTCUSD,BITFINEX,LTCUSD,LTCUSD,Buy,3.5914,1.0,1450053925
84110-LTCUSD,BITFINEX,LTCUSD,LTCUSD,Sell,3.5523,4.99417665,1450053897
84109-LTCUSD,BITFINEX,LTCUSD,LTCUSD,Sell,3.5524,12.5,1450053897
84108-LTCUSD,BITFINEX,LTCUSD,LTCUSD,Buy,3.55,44.1,1450052982
84107-LTCUSD,BITFINEX,LTCUSD,LTCUSD,Buy,3.55,5.9,1450052918
84106-LTCUSD,BITFINEX,LTCUSD,LTCUSD,Buy,3.5499,40.6,1450052918
84105-LTCUSD,BITFINEX,LTCUSD,LTCUSD,Sell,3.5414,39.10764149,1450052758
84104-LTCUSD,BITFINEX,LTCUSD,LTCUSD,Sell,3.5458,5.0,1450052758
84103-LTCUSD,BITFINEX,LTCUSD,LTCUSD,Sell,3.5458,4.89235851,1450052758
84102-LTCUSD,BITFINEX,LTCUSD,LTCUSD,Sell,3.5458,2.65135949,1450052440
47780-LTCBTC,BITFINEX,LTCBTC,LTCBTC,Buy,0.00826,22.411,1450055441
47779-LTCBTC,BITFINEX,LTCBTC,LTCBTC,Buy,0.00826,37.359,1450055441
47778-LTCBTC,BITFINEX,LTCBTC,LTCBTC,Sell,0.008223,0.5,1450054798
47777-LTCBTC,BITFINEX,LTCBTC,LTCBTC,Sell,0.00827,11.0,1450052028
47776-LTCBTC,BITFINEX,LTCBTC,LTCBTC,Sell,0.008277,6.54,1450051761
47775-LTCBTC,BITFINEX,LTCBTC,LTCBTC,Sell,0.008277,6.54,1450051760
47774-LTCBTC,BITFINEX,LTCBTC,LTCBTC,Buy,0.008275,8.49,1450051759
47773-LTCBTC,BITFINEX,LTCBTC,LTCBTC,Sell,0.008273,2.5,1450051755
47772-LTCBTC,BITFINEX,LTCBTC,LTCBTC,Sell,0.008273,8.49,1450051744
47771-LTCBTC,BITFINEX,LTCBTC,LTCBTC,Buy,0.008271,8.49,1450051741
47770-LTCBTC,BITFINEX,LTCBTC,LTCBTC,Buy,0.008271,3.18,1450051741
47769-LTCBTC,BITFINEX,LTCBTC,LTCBTC,Sell,0.00827,12.72,1450051597
47768-LTCBTC,BITFINEX,LTCBTC,LTCBTC,Sell,0.00827,9.54,1450051597
47767-LTCBTC,BITFINEX,LTCBTC,LTCBTC,Sell,0.00827,6.36,1450051597
47766-LTCBTC,BITFINEX,LTCBTC,LTCBTC,Sell,0.00827,12.74,1450051580
47765-LTCBTC,BITFINEX,LTCBTC,LTCBTC,Sell,0.00827,9.55,1450051579
47764-LTCBTC,BITFINEX,LTCBTC,LTCBTC,Sell,0.00827,6.37,1450051579
47763-LTCBTC,BITFINEX,LTCBTC,LTCBTC,Sell,0.00827,3.18,1450051579
47762-LTCBTC,BITFINEX,LTCBTC,LTCBTC,Sell,0.008269,12.74,1450051556
47761-LTCBTC,BITFINEX,LTCBTC,LTCBTC,Sell,0.008269,5.03133242,1450051556
47760-LTCBTC,BITFINEX,LTCBTC,LTCBTC,Sell,0.008269,4.52866758,1450051556
47759-LTCBTC,BITFINEX,LTCBTC,LTCBTC,Sell,0.008269,6.37,1450051556
47758-LTCBTC,BITFINEX,LTCBTC,LTCBTC,Sell,0.008269,3.19,1450051556
47757-LTCBTC,BITFINEX,LTCBTC,LTCBTC,Buy,0.008269,2.70373277,1450051546
47756-LTCBTC,BITFINEX,LTCBTC,LTCBTC,Buy,0.008269,9.91626723,1450051546
65473819,BTC-E,btc_eur,btc_eur,bid,397.18,0.100154,1450056586
65473812,BTC-E,btc_eur,btc_eur,bid,397.18,0.100169,1450056586
65473590,BTC-E,btc_eur,btc_eur,bid,397.18,0.15,1450055695
65473589,BTC-E,btc_eur,btc_eur,bid,397.18,0.859478,1450055689
65473588,BTC-E,btc_eur,btc_eur,bid,397.18,0.617893,1450055688
65473587,BTC-E,btc_eur,btc_eur,ask,397.18,0.200401,1450055688
65473586,BTC-E,btc_eur,btc_eur,bid,401.6,0.01097,1450055674
65473526,BTC-E,btc_eur,btc_eur,bid,400.497,0.00373,1450055164
65473345,BTC-E,btc_eur,btc_eur,bid,400.497,0.01,1450054473
65472759,BTC-E,btc_eur,btc_eur,bid,397.481,0.022,1450053237
65472758,BTC-E,btc_eur,btc_eur,bid,397.29,0.0110855,1450053236
65472573,BTC-E,btc_eur,btc_eur,ask,397.174,3.5439E-4,1450052663
65472572,BTC-E,btc_eur,btc_eur,ask,397.284,0.011,1450052663
65472489,BTC-E,btc_eur,btc_eur,bid,397.29,0.0218105,1450052368
65472337,BTC-E,btc_eur,btc_eur,ask,397.481,0.022,1450051860
65471765,BTC-E,btc_eur,btc_eur,ask,397.481,0.1,1450051491
65471764,BTC-E,btc_eur,btc_eur,ask,397.481,0.078,1450051491
65471763,BTC-E,btc_eur,btc_eur,ask,397.481,0.011,1450051491
65471762,BTC-E,btc_eur,btc_eur,ask,397.481,0.011,1450051491
65471701,BTC-E,btc_eur,btc_eur,bid,399.49,0.017104,1450051272
65471137,BTC-E,btc_eur,btc_eur,bid,400.7,0.01097,1450050163
65470709,BTC-E,btc_eur,btc_eur,bid,402.11,0.0144554,1450048820
65470514,BTC-E,btc_eur,btc_eur,bid,400.49,0.0186044,1450048323
65470428,BTC-E,btc_eur,btc_eur,bid,400.49,0.0101456,1450047736
65470275,BTC-E,btc_eur,btc_eur,bid,398.033,0.201737,1450047208
65470248,BTC-E,btc_eur,btc_eur,bid,398.033,0.0111912,1450047069
65470221,BTC-E,btc_eur,btc_eur,bid,400.49,0.01,1450046942
65470194,BTC-E,btc_eur,btc_eur,bid,401.48,0.0113771,1450046713
65470180,BTC-E,btc_eur,btc_eur,bid,401.48,0.0120011,1450046669
65469958,BTC-E,btc_eur,btc_eur,bid,401.49,0.01125,1450045950
65469707,BTC-E,btc_eur,btc_eur,ask,398.271,0.0115029,1450045518
65469690,BTC-E,btc_eur,btc_eur,ask,398.27,0.0399966,1450045337
65469444,BTC-E,btc_eur,btc_eur,bid,401.49,0.0031658,1450044456
65469443,BTC-E,btc_eur,btc_eur,bid,401.49,0.0194411,1450044441
65469433,BTC-E,btc_eur,btc_eur,bid,401.49,0.0159498,1450044388
65469430,BTC-E,btc_eur,btc_eur,bid,401.49,0.0204489,1450044355
65469407,BTC-E,btc_eur,btc_eur,bid,401.49,0.020179,1450044271
65469392,BTC-E,btc_eur,btc_eur,bid,401.49,0.0208155,1450044186
65469065,BTC-E,btc_eur,btc_eur,ask,403.06,0.0467693,1450043269
65469064,BTC-E,btc_eur,btc_eur,bid,403.06,0.178231,1450043268
65468768,BTC-E,btc_eur,btc_eur,ask,397.713,0.012506,1450042639
65468767,BTC-E,btc_eur,btc_eur,ask,397.944,0.011,1450042639
65468766,BTC-E,btc_eur,btc_eur,ask,397.996,0.013664,1450042639
65468765,BTC-E,btc_eur,btc_eur,ask,398.299,0.011,1450042639
65468764,BTC-E,btc_eur,btc_eur,ask,398.62,0.011,1450042639
65468763,BTC-E,btc_eur,btc_eur,ask,398.811,0.011,1450042639
65468762,BTC-E,btc_eur,btc_eur,ask,399.0,0.01003,1450042639
65468761,BTC-E,btc_eur,btc_eur,ask,399.627,0.011,1450042639
65468562,BTC-E,btc_eur,btc_eur,ask,400.2,0.754383,1450042407
65468561,BTC-E,btc_eur,btc_eur,ask,400.49,0.023,1450042407
65468276,BTC-E,btc_eur,btc_eur,bid,400.49,0.1,1450041973
65467751,BTC-E,btc_eur,btc_eur,ask,400.2,1.0,1450041611
65467713,BTC-E,btc_eur,btc_eur,ask,400.2,1.0,1450041591
65467469,BTC-E,btc_eur,btc_eur,ask,400.2,1.5,1450041460
65467449,BTC-E,btc_eur,btc_eur,ask,401.224,0.179734,1450041431
65467099,BTC-E,btc_eur,btc_eur,ask,402.25,0.0743121,1450040564
65467060,BTC-E,btc_eur,btc_eur,bid,402.538,0.023074,1450040537
65467059,BTC-E,btc_eur,btc_eur,ask,402.892,5.2598E-4,1450040537
65466871,BTC-E,btc_eur,btc_eur,ask,402.892,0.011,1450040073
65466710,BTC-E,btc_eur,btc_eur,ask,403.5,1.0E-8,1450039725
65466625,BTC-E,btc_eur,btc_eur,ask,403.5,0.00999999,1450039576
65466624,BTC-E,btc_eur,btc_eur,ask,403.75,0.0060678,1450039576
65466457,BTC-E,btc_eur,btc_eur,ask,403.75,0.0139322,1450039574
65465940,BTC-E,btc_eur,btc_eur,bid,404.0,0.0211207,1450038775
65465406,BTC-E,btc_eur,btc_eur,bid,402.49,1.0E-8,1450037509
65465338,BTC-E,btc_eur,btc_eur,bid,402.0,0.0105,1450037104
65464701,BTC-E,btc_eur,btc_eur,bid,401.905,9.577E-5,1450036080
65464509,BTC-E,btc_eur,btc_eur,bid,401.905,0.0107807,1450035311
65464508,BTC-E,btc_eur,btc_eur,bid,401.0,1.0E-8,1450035311
65464338,BTC-E,btc_eur,btc_eur,bid,400.599,0.0116033,1450034929
65464319,BTC-E,btc_eur,btc_eur,bid,401.0,0.65761,1450034907
65464096,BTC-E,btc_eur,btc_eur,bid,402.0,0.011629,1450034138
65464079,BTC-E,btc_eur,btc_eur,bid,402.0,0.0167063,1450034099
65463969,BTC-E,btc_eur,btc_eur,bid,402.0,0.0165144,1450033583
65463637,BTC-E,btc_eur,btc_eur,bid,402.49,0.0328355,1450032794
65463499,BTC-E,btc_eur,btc_eur,bid,402.49,0.0137896,1450032490
65463250,BTC-E,btc_eur,btc_eur,bid,402.49,0.01,1450031599
65463240,BTC-E,btc_eur,btc_eur,bid,402.49,0.01,1450031504
65463216,BTC-E,btc_eur,btc_eur,bid,402.49,0.0116265,1450031424
65463200,BTC-E,btc_eur,btc_eur,bid,402.49,0.0117484,1450031391
65463188,BTC-E,btc_eur,btc_eur,bid,402.49,0.01,1450031350
65462713,BTC-E,btc_eur,btc_eur,bid,401.0,0.0104283,1450029801
65462634,BTC-E,btc_eur,btc_eur,bid,401.0,0.0530612,1450029497
65462338,BTC-E,btc_eur,btc_eur,bid,401.0,0.01,1450028734
65462310,BTC-E,btc_eur,btc_eur,bid,400.599,0.0117047,1450028640
65462268,BTC-E,btc_eur,btc_eur,bid,401.0,0.01,1450028507
65462242,BTC-E,btc_eur,btc_eur,bid,401.0,0.0129756,1450028411
65462213,BTC-E,btc_eur,btc_eur,bid,401.0,0.0136018,1450028375
65462194,BTC-E,btc_eur,btc_eur,bid,401.0,0.0588591,1450028328
65462192,BTC-E,btc_eur,btc_eur,bid,401.0,0.0121819,1450028324
65462166,BTC-E,btc_eur,btc_eur,bid,401.0,0.0143462,1450028228
65462139,BTC-E,btc_eur,btc_eur,ask,399.21,0.0939043,1450028169
65462138,BTC-E,btc_eur,btc_eur,ask,399.21,0.0120957,1450028169
65462121,BTC-E,btc_eur,btc_eur,bid,401.0,0.0132874,1450028139
65462107,BTC-E,btc_eur,btc_eur,bid,401.0,0.0159759,1450028066
65462101,BTC-E,btc_eur,btc_eur,bid,401.0,0.0133387,1450028046
65462075,BTC-E,btc_eur,btc_eur,bid,401.0,0.0482248,1450027960
65462067,BTC-E,btc_eur,btc_eur,bid,401.0,0.01,1450027946
65462044,BTC-E,btc_eur,btc_eur,bid,401.0,0.0434,1450027898
65462034,BTC-E,btc_eur,btc_eur,bid,401.0,0.01,1450027863
65462030,BTC-E,btc_eur,btc_eur,bid,401.0,0.0112438,1450027857
65461989,BTC-E,btc_eur,btc_eur,bid,401.0,0.010019,1450027813
65461983,BTC-E,btc_eur,btc_eur,bid,401.0,0.0422997,1450027812
65461956,BTC-E,btc_eur,btc_eur,bid,403.57,0.0180962,1450027804
65461948,BTC-E,btc_eur,btc_eur,bid,403.57,0.00744062,1450027803
65461947,BTC-E,btc_eur,btc_eur,bid,403.57,0.0488897,1450027803
65461571,BTC-E,btc_eur,btc_eur,bid,402.1,0.0495202,1450026753
65461297,BTC-E,btc_eur,btc_eur,bid,402.1,0.0210466,1450025965
65461271,BTC-E,btc_eur,btc_eur,bid,402.1,0.0190346,1450025884
65461253,BTC-E,btc_eur,btc_eur,bid,402.1,0.0139849,1450025809
65461202,BTC-E,btc_eur,btc_eur,bid,402.1,0.0219873,1450025717
65461190,BTC-E,btc_eur,btc_eur,bid,402.1,0.0143256,1450025633
65461174,BTC-E,btc_eur,btc_eur,bid,402.1,0.0205829,1450025550
65461130,BTC-E,btc_eur,btc_eur,bid,402.1,0.0175699,1450025468
65461125,BTC-E,btc_eur,btc_eur,bid,402.1,0.016179,1450025462
65461104,BTC-E,btc_eur,btc_eur,bid,402.1,0.0167628,1450025381
65460785,BTC-E,btc_eur,btc_eur,bid,401.98,0.01,1450024719
65460777,BTC-E,btc_eur,btc_eur,bid,401.98,0.0218533,1450024678
65460691,BTC-E,btc_eur,btc_eur,bid,401.98,0.0224136,1450024592
65460690,BTC-E,btc_eur,btc_eur,bid,401.98,0.0112077,1450024569
65460689,BTC-E,btc_eur,btc_eur,bid,401.98,0.01,1450024567
65460639,BTC-E,btc_eur,btc_eur,bid,401.98,0.0143383,1450024417
65460306,BTC-E,btc_eur,btc_eur,bid,397.996,0.1545,1450023426
65460263,BTC-E,btc_eur,btc_eur,bid,401.967,0.0186198,1450023370
65460106,BTC-E,btc_eur,btc_eur,bid,401.979,0.0146724,1450022824
65459995,BTC-E,btc_eur,btc_eur,bid,402.0,0.010002,1450022459
65459750,BTC-E,btc_eur,btc_eur,bid,398.142,2.6E-7,1450021813
65459526,BTC-E,btc_eur,btc_eur,ask,398.142,2.51166,1450021105
65459525,BTC-E,btc_eur,btc_eur,ask,399.0,0.101572,1450021105
65459524,BTC-E,btc_eur,btc_eur,ask,399.0,0.01003,1450021105
65459319,BTC-E,btc_eur,btc_eur,ask,399.01,0.1,1450021013
65459239,BTC-E,btc_eur,btc_eur,ask,399.95,0.1,1450021009
65459237,BTC-E,btc_eur,btc_eur,ask,399.96,4.008E-4,1450021006
65459236,BTC-E,btc_eur,btc_eur,ask,399.96,0.2,1450021006
65459226,BTC-E,btc_eur,btc_eur,ask,401.0,3.0E-5,1450020983
65459224,BTC-E,btc_eur,btc_eur,ask,401.0,0.09997,1450020983
65459223,BTC-E,btc_eur,btc_eur,ask,401.0,0.01003,1450020983
65458750,BTC-E,btc_eur,btc_eur,bid,403.226,0.0116283,1450020125
65458745,BTC-E,btc_eur,btc_eur,bid,401.281,0.0015815,1450020085
65458744,BTC-E,btc_eur,btc_eur,ask,401.992,0.010021,1450020084
65458732,BTC-E,btc_eur,btc_eur,bid,404.999,0.0552094,1450020080
65458731,BTC-E,btc_eur,btc_eur,bid,404.999,0.0577918,1450020080
65458730,BTC-E,btc_eur,btc_eur,bid,404.221,0.01,1450020080
65458729,BTC-E,btc_eur,btc_eur,bid,404.0,0.13656,1450020080
65458718,BTC-E,btc_eur,btc_eur,bid,404.0,0.0154399,1450020040
65458456,BTC-E,btc_eur,btc_eur,bid,403.0,0.0564298,1450019280
65458436,BTC-E,btc_eur,btc_eur,ask,403.0,0.0435702,1450019254
65458113,BTC-E,btc_eur,btc_eur,ask,403.0,0.03,1450018799
65457334,BTC-E,btc_eur,btc_eur,ask,403.0,0.100765,1450018253
65457296,BTC-E,btc_eur,btc_eur,ask,403.0,0.015819,1450018193
65473802,BTC-E,nvc_btc,nvc_btc,bid,0.00217,0.392283,1450056567
65473642,BTC-E,nvc_btc,nvc_btc,bid,0.00217,0.13563,1450056002
65473641,BTC-E,nvc_btc,nvc_btc,bid,0.00217,0.208908,1450056002
65473638,BTC-E,nvc_btc,nvc_btc,bid,0.00217,0.151345,1450056001
65473637,BTC-E,nvc_btc,nvc_btc,bid,0.00217,0.208908,1450056000
65473635,BTC-E,nvc_btc,nvc_btc,bid,0.00217,0.308505,1450056000
65473568,BTC-E,nvc_btc,nvc_btc,ask,0.00217,0.167207,1450055473
65472846,BTC-E,nvc_btc,nvc_btc,bid,0.0022,1.002,1450053755
65472839,BTC-E,nvc_btc,nvc_btc,bid,0.0022,1.7914,1450053718
65472838,BTC-E,nvc_btc,nvc_btc,bid,0.00219,0.1,1450053718
65472837,BTC-E,nvc_btc,nvc_btc,bid,0.00219,3.40493,1450053718
65472836,BTC-E,nvc_btc,nvc_btc,bid,0.00219,0.1,1450053718
65472835,BTC-E,nvc_btc,nvc_btc,bid,0.00219,4.62369,1450053718
65472732,BTC-E,nvc_btc,nvc_btc,ask,0.00216,7.44485,1450053191
65472731,BTC-E,nvc_btc,nvc_btc,ask,0.00217,2.91401,1450053191
65472502,BTC-E,nvc_btc,nvc_btc,bid,0.00217,2.15451,1450052421
65472500,BTC-E,nvc_btc,nvc_btc,bid,0.00217,9.18501,1450052421
65472497,BTC-E,nvc_btc,nvc_btc,bid,0.00217,4.58848,1450052420
65472492,BTC-E,nvc_btc,nvc_btc,ask,0.00217,20.0,1450052420
65472211,BTC-E,nvc_btc,nvc_btc,bid,0.00218,4.58146,1450051801
65472184,BTC-E,nvc_btc,nvc_btc,bid,0.00218,0.433693,1450051747
65471920,BTC-E,nvc_btc,nvc_btc,bid,0.00218,2.83E-6,1450051540
65471883,BTC-E,nvc_btc,nvc_btc,bid,0.00218,1.47492,1450051528
65471882,BTC-E,nvc_btc,nvc_btc,bid,0.00218,0.1,1450051528
65471880,BTC-E,nvc_btc,nvc_btc,bid,0.00218,44.4422,1450051528
65471831,BTC-E,nvc_btc,nvc_btc,bid,0.00218,3.03513,1450051509
65471828,BTC-E,nvc_btc,nvc_btc,bid,0.00218,1.54616,1450051509
65471208,BTC-E,nvc_btc,nvc_btc,bid,0.00217,9.9,1450050367
65471101,BTC-E,nvc_btc,nvc_btc,bid,0.00217,5.1055,1450050115
65470266,BTC-E,nvc_btc,nvc_btc,ask,0.00215,1.0,1450047184
65470001,BTC-E,nvc_btc,nvc_btc,ask,0.00215,6.46243,1450046073
65469999,BTC-E,nvc_btc,nvc_btc,bid,0.00215,0.1677,1450046063
65469997,BTC-E,nvc_btc,nvc_btc,ask,0.00215,9.9,1450046062
65469996,BTC-E,nvc_btc,nvc_btc,ask,0.00215,9.9,1450046062
65469995,BTC-E,nvc_btc,nvc_btc,ask,0.00215,0.1,1450046062
65469994,BTC-E,nvc_btc,nvc_btc,ask,0.00215,2.48718,1450046062
65469993,BTC-E,nvc_btc,nvc_btc,ask,0.00215,4.57767,1450046062
65469992,BTC-E,nvc_btc,nvc_btc,ask,0.00215,0.100237,1450046062
65469991,BTC-E,nvc_btc,nvc_btc,ask,0.00215,3.3,1450046062
65469990,BTC-E,nvc_btc,nvc_btc,ask,0.00215,0.375826,1450046062
65469989,BTC-E,nvc_btc,nvc_btc,ask,0.00215,1.47788,1450046062
65469978,BTC-E,nvc_btc,nvc_btc,ask,0.00216,12.0441,1450046047
65469972,BTC-E,nvc_btc,nvc_btc,ask,0.00216,8.90883,1450046039
65469142,BTC-E,nvc_btc,nvc_btc,bid,0.00219,0.376308,1450043566
65469141,BTC-E,nvc_btc,nvc_btc,bid,0.00218,0.635716,1450043566
65468736,BTC-E,nvc_btc,nvc_btc,bid,0.00218,4.36428,1450042585
65468735,BTC-E,nvc_btc,nvc_btc,bid,0.00218,1.35817,1450042585
65467201,BTC-E,nvc_btc,nvc_btc,ask,0.00216,0.100237,1450040811
65465693,BTC-E,nvc_btc,nvc_btc,ask,0.00215,7.21422,1450038271
65465689,BTC-E,nvc_btc,nvc_btc,ask,0.00219,11.206,1450038269
65465688,BTC-E,nvc_btc,nvc_btc,ask,0.00219,18.3929,1450038269
65465687,BTC-E,nvc_btc,nvc_btc,bid,0.00219,0.1,1450038269
65465686,BTC-E,nvc_btc,nvc_btc,bid,0.00219,3.02634,1450038269
65465685,BTC-E,nvc_btc,nvc_btc,bid,0.00219,5.31E-6,1450038269
65465645,BTC-E,nvc_btc,nvc_btc,bid,0.00218,9.9,1450038226
65465644,BTC-E,nvc_btc,nvc_btc,bid,0.00218,1.45521,1450038226
65465570,BTC-E,nvc_btc,nvc_btc,bid,0.00216,3.492,1450038059
65464751,BTC-E,nvc_btc,nvc_btc,ask,0.00215,11.3079,1450036181
65464750,BTC-E,nvc_btc,nvc_btc,ask,0.00215,1.67598,1450036181
65464700,BTC-E,nvc_btc,nvc_btc,ask,0.00216,7.70375,1450036079
65464192,BTC-E,nvc_btc,nvc_btc,bid,0.00216,7.81061,1450034389
65464191,BTC-E,nvc_btc,nvc_btc,ask,0.00216,15.5144,1450034388
65463849,BTC-E,nvc_btc,nvc_btc,bid,0.00216,15.5144,1450033321
65463697,BTC-E,nvc_btc,nvc_btc,bid,0.00216,0.708672,1450033010
65463589,BTC-E,nvc_btc,nvc_btc,bid,0.00216,2.87243,1450032711
65463283,BTC-E,nvc_btc,nvc_btc,bid,0.00216,0.904544,1450031742
65463281,BTC-E,nvc_btc,nvc_btc,bid,0.00216,1.70818,1450031742
65463133,BTC-E,nvc_btc,nvc_btc,bid,0.00216,3.14474,1450031151
65463078,BTC-E,nvc_btc,nvc_btc,bid,0.00216,3.09501,1450031033
65462906,BTC-E,nvc_btc,nvc_btc,ask,0.00216,2.71699,1450030192
65462520,BTC-E,nvc_btc,nvc_btc,bid,0.00217,1.29876,1450029283
65462429,BTC-E,nvc_btc,nvc_btc,bid,0.00217,1.932,1450028971
65462324,BTC-E,nvc_btc,nvc_btc,ask,0.00216,6.00409,1450028685
65462323,BTC-E,nvc_btc,nvc_btc,ask,0.00216,0.100237,1450028685
65461862,BTC-E,nvc_btc,nvc_btc,bid,0.00218,14.4897,1450027738
65461855,BTC-E,nvc_btc,nvc_btc,bid,0.00219,0.0999947,1450027721
65461854,BTC-E,nvc_btc,nvc_btc,bid,0.00219,16.9337,1450027721
65461853,BTC-E,nvc_btc,nvc_btc,bid,0.00219,63.9667,1450027721
65461852,BTC-E,nvc_btc,nvc_btc,bid,0.00219,0.1,1450027721
65461851,BTC-E,nvc_btc,nvc_btc,bid,0.00218,9.9,1450027721
65461841,BTC-E,nvc_btc,nvc_btc,ask,0.00216,0.99214,1450027705
65461829,BTC-E,nvc_btc,nvc_btc,ask,0.00216,4.51813,1450027676
65461700,BTC-E,nvc_btc,nvc_btc,bid,0.00218,2.48718,1450027241
65460803,BTC-E,nvc_btc,nvc_btc,ask,0.00216,2.06528,1450024761
65460802,BTC-E,nvc_btc,nvc_btc,ask,0.00216,0.100237,1450024761
65460801,BTC-E,nvc_btc,nvc_btc,ask,0.00216,1.32748,1450024761
65460638,BTC-E,nvc_btc,nvc_btc,ask,0.00216,1.70492,1450024415
65460376,BTC-E,nvc_btc,nvc_btc,ask,0.00216,5.3708,1450023774
65459536,BTC-E,nvc_btc,nvc_btc,bid,0.00218,4.57767,1450021131
65459313,BTC-E,nvc_btc,nvc_btc,bid,0.00218,16.7333,1450021012
65458691,BTC-E,nvc_btc,nvc_btc,ask,0.00216,1.5968,1450019873
65458575,BTC-E,nvc_btc,nvc_btc,ask,0.00217,0.699544,1450019684
65458574,BTC-E,nvc_btc,nvc_btc,bid,0.00218,1.6,1450019684
65457139,BTC-E,nvc_btc,nvc_btc,ask,0.00217,9.15263,1450017769
65455692,BTC-E,nvc_btc,nvc_btc,ask,0.00217,0.147824,1450017131
65455691,BTC-E,nvc_btc,nvc_btc,ask,0.00217,1.61E-6,1450017131
65455367,BTC-E,nvc_btc,nvc_btc,bid,0.00218,1.57247,1450015919
65455363,BTC-E,nvc_btc,nvc_btc,bid,0.00218,1.57247,1450015919
65454875,BTC-E,nvc_btc,nvc_btc,bid,0.00219,0.425203,1450014532
65454806,BTC-E,nvc_btc,nvc_btc,bid,0.00219,0.566937,1450014387
65454729,BTC-E,nvc_btc,nvc_btc,bid,0.00218,0.375826,1450014118
65454464,BTC-E,nvc_btc,nvc_btc,bid,0.00218,0.837991,1450013272
65454459,BTC-E,nvc_btc,nvc_btc,bid,0.00218,0.837992,1450013272
65454414,BTC-E,nvc_btc,nvc_btc,bid,0.00218,4.45299,1450013194
65454412,BTC-E,nvc_btc,nvc_btc,bid,0.00218,0.1,1450013194
65454409,BTC-E,nvc_btc,nvc_btc,bid,0.00218,0.0230413,1450013194
65454348,BTC-E,nvc_btc,nvc_btc,bid,0.00217,8.68856,1450012903
65454347,BTC-E,nvc_btc,nvc_btc,bid,0.00217,0.1,1450012903
65454333,BTC-E,nvc_btc,nvc_btc,ask,0.00214,5.42518,1450012856
65454332,BTC-E,nvc_btc,nvc_btc,ask,0.00214,0.100237,1450012856
65454076,BTC-E,nvc_btc,nvc_btc,bid,0.00218,0.0769587,1450011776
65454075,BTC-E,nvc_btc,nvc_btc,bid,0.00217,0.1,1450011776
65454074,BTC-E,nvc_btc,nvc_btc,bid,0.00217,0.1,1450011776
65454073,BTC-E,nvc_btc,nvc_btc,bid,0.00216,0.1,1450011776
65454024,BTC-E,nvc_btc,nvc_btc,ask,0.00213,124.215,1450011447
65454023,BTC-E,nvc_btc,nvc_btc,ask,0.00213,0.100237,1450011447
65454022,BTC-E,nvc_btc,nvc_btc,ask,0.00213,0.1,1450011447
65454021,BTC-E,nvc_btc,nvc_btc,ask,0.00214,0.101,1450011447
65454020,BTC-E,nvc_btc,nvc_btc,ask,0.00214,0.1,1450011447
65454019,BTC-E,nvc_btc,nvc_btc,ask,0.00214,0.100237,1450011447
65454018,BTC-E,nvc_btc,nvc_btc,ask,0.00215,0.21,1450011447
65454017,BTC-E,nvc_btc,nvc_btc,ask,0.00215,0.465125,1450011447
65454016,BTC-E,nvc_btc,nvc_btc,ask,0.00215,0.1,1450011447
65454015,BTC-E,nvc_btc,nvc_btc,ask,0.00215,0.100237,1450011447
65454014,BTC-E,nvc_btc,nvc_btc,ask,0.00217,74.531,1450011447
65453771,BTC-E,nvc_btc,nvc_btc,ask,0.00217,5.39317,1450010503
65452926,BTC-E,nvc_btc,nvc_btc,ask,0.00217,6.3909,1450007174
65451009,BTC-E,nvc_btc,nvc_btc,ask,0.00216,0.956772,1449997747
65451008,BTC-E,nvc_btc,nvc_btc,ask,0.00216,0.101,1449997747
65451007,BTC-E,nvc_btc,nvc_btc,ask,0.00216,0.1,1449997747
65451006,BTC-E,nvc_btc,nvc_btc,ask,0.00217,0.21,1449997747
65451005,BTC-E,nvc_btc,nvc_btc,ask,0.00217,0.1,1449997747
65451004,BTC-E,nvc_btc,nvc_btc,ask,0.00217,0.100237,1449997747
65451003,BTC-E,nvc_btc,nvc_btc,ask,0.00218,5.12778,1449997747
65451002,BTC-E,nvc_btc,nvc_btc,ask,0.00218,5.03733,1449997747
65451001,BTC-E,nvc_btc,nvc_btc,ask,0.00218,0.101,1449997747
65451000,BTC-E,nvc_btc,nvc_btc,ask,0.00218,0.1,1449997747
65450999,BTC-E,nvc_btc,nvc_btc,ask,0.00219,2.18484,1449997747
65450071,BTC-E,nvc_btc,nvc_btc,ask,0.00219,1.99E-6,1449995965
65450069,BTC-E,nvc_btc,nvc_btc,ask,0.00219,9.62827,1449995960
65450068,BTC-E,nvc_btc,nvc_btc,ask,0.00219,0.100237,1449995960
65450067,BTC-E,nvc_btc,nvc_btc,ask,0.00219,0.1,1449995960
65450066,BTC-E,nvc_btc,nvc_btc,ask,0.00219,0.64107,1449995960
65449866,BTC-E,nvc_btc,nvc_btc,ask,0.00219,4.58486,1449995333
65448615,BTC-E,nvc_btc,nvc_btc,ask,0.00219,4.67407,1449990372
65448614,BTC-E,nvc_btc,nvc_btc,ask,0.00219,1.07686,1449990372
65448580,BTC-E,nvc_btc,nvc_btc,ask,0.00219,1.31961,1449990077
65448360,BTC-E,nvc_btc,nvc_btc,ask,0.0022,0.1,1449989267
65448359,BTC-E,nvc_btc,nvc_btc,ask,0.00221,0.100237,1449989267
65447996,BTC-E,nvc_btc,nvc_btc,ask,0.00223,0.100237,1449987376
65473572,BTC-E,nmc_usd,nmc_usd,bid,0.446,1.2,1450055497
65473571,BTC-E,nmc_usd,nmc_usd,bid,0.446,1.1,1450055497
65473336,BTC-E,nmc_usd,nmc_usd,ask,0.441,5.98694,1450054398
65473335,BTC-E,nmc_usd,nmc_usd,ask,0.441,1.203,1450054398
65473334,BTC-E,nmc_usd,nmc_usd,ask,0.441,1.102,1450054398
65472762,BTC-E,nmc_usd,nmc_usd,bid,0.446,1.2,1450053295
65472761,BTC-E,nmc_usd,nmc_usd,bid,0.446,1.1,1450053295
65472026,BTC-E,nmc_usd,nmc_usd,ask,0.44,343.299,1450051567
65472025,BTC-E,nmc_usd,nmc_usd,ask,0.441,1.203,1450051567
65472024,BTC-E,nmc_usd,nmc_usd,ask,0.441,1.102,1450051567
65472023,BTC-E,nmc_usd,nmc_usd,ask,0.441,652.896,1450051567
65472022,BTC-E,nmc_usd,nmc_usd,ask,0.441,1.5,1450051567
65471535,BTC-E,nmc_usd,nmc_usd,bid,0.446,48.83,1450050776
65471204,BTC-E,nmc_usd,nmc_usd,bid,0.446,1.6,1450050352
65471203,BTC-E,nmc_usd,nmc_usd,bid,0.446,1.2,1450050352
65471202,BTC-E,nmc_usd,nmc_usd,bid,0.446,1.1,1450050352
65470912,BTC-E,nmc_usd,nmc_usd,ask,0.444,1.604,1450049647
65470911,BTC-E,nmc_usd,nmc_usd,ask,0.444,1.203,1450049647
65470910,BTC-E,nmc_usd,nmc_usd,ask,0.444,1.102,1450049647
65470742,BTC-E,nmc_usd,nmc_usd,ask,0.445,0.406,1450048902
65470741,BTC-E,nmc_usd,nmc_usd,bid,0.445,1.198,1450048901
65470736,BTC-E,nmc_usd,nmc_usd,ask,0.445,0.002,1450048897
65470735,BTC-E,nmc_usd,nmc_usd,bid,0.446,1.102,1450048897
65470734,BTC-E,nmc_usd,nmc_usd,bid,0.445,1.1,1450048896
65470670,BTC-E,nmc_usd,nmc_usd,ask,0.441,5.36102,1450048669
65470000,BTC-E,nmc_usd,nmc_usd,ask,0.44,491.0,1450046070
65469637,BTC-E,nmc_usd,nmc_usd,ask,0.44,133.994,1450045096
65469636,BTC-E,nmc_usd,nmc_usd,ask,0.44,121.122,1450045096
65469635,BTC-E,nmc_usd,nmc_usd,ask,0.44,44.8847,1450045096
65469590,BTC-E,nmc_usd,nmc_usd,ask,0.44,69.979,1450044979
65469589,BTC-E,nmc_usd,nmc_usd,ask,0.441,140.021,1450044979
65469584,BTC-E,nmc_usd,nmc_usd,ask,0.441,209.8,1450044973
65469583,BTC-E,nmc_usd,nmc_usd,ask,0.442,0.2002,1450044973
65469571,BTC-E,nmc_usd,nmc_usd,ask,0.441,99.7998,1450044925
65469570,BTC-E,nmc_usd,nmc_usd,ask,0.442,0.2002,1450044925
65469554,BTC-E,nmc_usd,nmc_usd,ask,0.442,0.2002,1450044863
65468812,BTC-E,nmc_usd,nmc_usd,ask,0.443,0.243,1450042708
65468792,BTC-E,nmc_usd,nmc_usd,ask,0.443,0.382,1450042679
65467872,BTC-E,nmc_usd,nmc_usd,ask,0.44,150.301,1450041649
65467871,BTC-E,nmc_usd,nmc_usd,ask,0.44,1.203,1450041649
65467870,BTC-E,nmc_usd,nmc_usd,ask,0.44,1.102,1450041649
65467869,BTC-E,nmc_usd,nmc_usd,ask,0.44,1.909,1450041649
65467868,BTC-E,nmc_usd,nmc_usd,ask,0.44,1.604,1450041649
65467867,BTC-E,nmc_usd,nmc_usd,ask,0.44,0.119861,1450041649
65467866,BTC-E,nmc_usd,nmc_usd,ask,0.44,10.0,1450041649
65467865,BTC-E,nmc_usd,nmc_usd,ask,0.44,50.0,1450041649
65467864,BTC-E,nmc_usd,nmc_usd,ask,0.44,0.10706,1450041649
65467863,BTC-E,nmc_usd,nmc_usd,ask,0.441,0.5,1450041649
65467862,BTC-E,nmc_usd,nmc_usd,ask,0.443,0.784,1450041649
65467580,BTC-E,nmc_usd,nmc_usd,ask,0.441,1.0,1450041546
65467497,BTC-E,nmc_usd,nmc_usd,ask,0.443,0.00889419,1450041480
65467496,BTC-E,nmc_usd,nmc_usd,ask,0.443,21.636,1450041480
65467495,BTC-E,nmc_usd,nmc_usd,ask,0.443,0.554,1450041480
65467436,BTC-E,nmc_usd,nmc_usd,ask,0.442,40.0,1450041386
65467434,BTC-E,nmc_usd,nmc_usd,ask,0.442,0.009,1450041380
65467433,BTC-E,nmc_usd,nmc_usd,ask,0.442,19.991,1450041380
65467432,BTC-E,nmc_usd,nmc_usd,ask,0.442,40.0,1450041380
65467431,BTC-E,nmc_usd,nmc_usd,ask,0.442,20.0,1450041380
65467430,BTC-E,nmc_usd,nmc_usd,ask,0.442,20.0,1450041380
65467429,BTC-E,nmc_usd,nmc_usd,ask,0.442,20.0,1450041380
65467428,BTC-E,nmc_usd,nmc_usd,ask,0.443,0.169,1450041380
65467348,BTC-E,nmc_usd,nmc_usd,bid,0.449,39.92,1450041114
65467347,BTC-E,nmc_usd,nmc_usd,bid,0.449,40.0,1450041114
65467346,BTC-E,nmc_usd,nmc_usd,ask,0.441,79.92,1450041113
65467345,BTC-E,nmc_usd,nmc_usd,ask,0.441,39.92,1450041109
65467344,BTC-E,nmc_usd,nmc_usd,ask,0.442,40.0,1450041109
65467343,BTC-E,nmc_usd,nmc_usd,ask,0.442,39.953,1450041105
65467342,BTC-E,nmc_usd,nmc_usd,ask,0.442,18.547,1450041105
65467341,BTC-E,nmc_usd,nmc_usd,ask,0.442,21.453,1450041104
65467340,BTC-E,nmc_usd,nmc_usd,ask,0.443,1.027,1450041104
65467316,BTC-E,nmc_usd,nmc_usd,ask,0.442,36.39,1450041075
65467315,BTC-E,nmc_usd,nmc_usd,ask,0.442,39.9,1450041074
65467313,BTC-E,nmc_usd,nmc_usd,ask,0.442,41.29,1450041073
65467309,BTC-E,nmc_usd,nmc_usd,ask,0.442,50.0,1450041072
65467302,BTC-E,nmc_usd,nmc_usd,ask,0.441,118.82,1450041071
65467301,BTC-E,nmc_usd,nmc_usd,ask,0.441,54.87,1450041070
65467300,BTC-E,nmc_usd,nmc_usd,ask,0.441,7.40054,1450041070
65467299,BTC-E,nmc_usd,nmc_usd,ask,0.441,10.02,1450041070
65467298,BTC-E,nmc_usd,nmc_usd,ask,0.441,5.07,1450041070
65467297,BTC-E,nmc_usd,nmc_usd,ask,0.441,1.102,1450041070
65467296,BTC-E,nmc_usd,nmc_usd,ask,0.441,1.203,1450041070
65467295,BTC-E,nmc_usd,nmc_usd,ask,0.441,1.604,1450041070
65467294,BTC-E,nmc_usd,nmc_usd,ask,0.441,1.0,1450041070
65467293,BTC-E,nmc_usd,nmc_usd,ask,0.441,2.525,1450041070
65467292,BTC-E,nmc_usd,nmc_usd,ask,0.441,0.10706,1450041070
65467291,BTC-E,nmc_usd,nmc_usd,ask,0.442,46.3884,1450041070
65467290,BTC-E,nmc_usd,nmc_usd,ask,0.442,250.0,1450041069
65467289,BTC-E,nmc_usd,nmc_usd,ask,0.442,63.6116,1450041068
65467288,BTC-E,nmc_usd,nmc_usd,ask,0.442,11.9927,1450041068
65467287,BTC-E,nmc_usd,nmc_usd,ask,0.442,0.11,1450041068
65467286,BTC-E,nmc_usd,nmc_usd,ask,0.442,0.11,1450041068
65467285,BTC-E,nmc_usd,nmc_usd,ask,0.442,0.11,1450041068
65467284,BTC-E,nmc_usd,nmc_usd,ask,0.442,0.1,1450041068
65467283,BTC-E,nmc_usd,nmc_usd,ask,0.442,0.11,1450041068
65467282,BTC-E,nmc_usd,nmc_usd,ask,0.442,0.11,1450041068
65467281,BTC-E,nmc_usd,nmc_usd,ask,0.442,0.99,1450041068
65467280,BTC-E,nmc_usd,nmc_usd,ask,0.442,0.11,1450041068
65467279,BTC-E,nmc_usd,nmc_usd,ask,0.442,0.77,1450041068
65467278,BTC-E,nmc_usd,nmc_usd,ask,0.442,0.66,1450041068
65467277,BTC-E,nmc_usd,nmc_usd,ask,0.442,14.965,1450041068
65467276,BTC-E,nmc_usd,nmc_usd,ask,0.442,14.495,1450041068
65467275,BTC-E,nmc_usd,nmc_usd,ask,0.442,12.253,1450041068
65467274,BTC-E,nmc_usd,nmc_usd,ask,0.442,1.102,1450041068
65467273,BTC-E,nmc_usd,nmc_usd,ask,0.442,1.203,1450041068
65467272,BTC-E,nmc_usd,nmc_usd,ask,0.442,1.909,1450041068
65467271,BTC-E,nmc_usd,nmc_usd,ask,0.442,275.289,1450041068
65467270,BTC-E,nmc_usd,nmc_usd,ask,0.442,201.691,1450041067
65467269,BTC-E,nmc_usd,nmc_usd,ask,0.443,0.126,1450041067
65467268,BTC-E,nmc_usd,nmc_usd,ask,0.443,3.9,1450041067
65467267,BTC-E,nmc_usd,nmc_usd,ask,0.444,3.25559,1450041067
65467266,BTC-E,nmc_usd,nmc_usd,ask,0.445,0.771573,1450041067
65467265,BTC-E,nmc_usd,nmc_usd,ask,0.445,10.03,1450041067
65467264,BTC-E,nmc_usd,nmc_usd,ask,0.445,3.0,1450041067
65467263,BTC-E,nmc_usd,nmc_usd,ask,0.445,87.2262,1450041067
65467027,BTC-E,nmc_usd,nmc_usd,ask,0.445,0.152205,1450040421
65466758,BTC-E,nmc_usd,nmc_usd,ask,0.445,6.35458,1450039841
65465976,BTC-E,nmc_usd,nmc_usd,ask,0.445,48.5321,1450038972
65465517,BTC-E,nmc_usd,nmc_usd,ask,0.445,18.1282,1450037799
65465509,BTC-E,nmc_usd,nmc_usd,ask,0.445,48.0402,1450037779
65465396,BTC-E,nmc_usd,nmc_usd,ask,0.445,2.45244,1450037398
65465395,BTC-E,nmc_usd,nmc_usd,ask,0.446,7.52268,1450037398
65465394,BTC-E,nmc_usd,nmc_usd,ask,0.446,0.996739,1450037398
65465235,BTC-E,nmc_usd,nmc_usd,ask,0.446,8.92469,1450036771
65465234,BTC-E,nmc_usd,nmc_usd,ask,0.446,5.52064,1450036770
65465230,BTC-E,nmc_usd,nmc_usd,ask,0.446,8.55033,1450036769
65465229,BTC-E,nmc_usd,nmc_usd,ask,0.446,4.68048,1450036768
65465228,BTC-E,nmc_usd,nmc_usd,ask,0.446,4.96224,1450036767
65465227,BTC-E,nmc_usd,nmc_usd,ask,0.446,6.05098,1450036766
65465226,BTC-E,nmc_usd,nmc_usd,ask,0.446,5.23252,1450036766
65465225,BTC-E,nmc_usd,nmc_usd,ask,0.446,5.1525,1450036762
65465224,BTC-E,nmc_usd,nmc_usd,ask,0.446,6.87292,1450036761
65465223,BTC-E,nmc_usd,nmc_usd,ask,0.446,6.30003,1450036760
65465221,BTC-E,nmc_usd,nmc_usd,ask,0.446,5.95698,1450036760
65465220,BTC-E,nmc_usd,nmc_usd,ask,0.446,5.79895,1450036759
65464973,BTC-E,nmc_usd,nmc_usd,bid,0.45,0.764529,1450036361
65464972,BTC-E,nmc_usd,nmc_usd,bid,0.45,0.998,1450036361
65464971,BTC-E,nmc_usd,nmc_usd,bid,0.45,23.6206,1450036361
65464657,BTC-E,nmc_usd,nmc_usd,bid,0.45,6.22439,1450035883
65464060,BTC-E,nmc_usd,nmc_usd,ask,0.445,49.3241,1450034004
65464052,BTC-E,nmc_usd,nmc_usd,ask,0.445,39.79,1450033993
65463944,BTC-E,nmc_usd,nmc_usd,ask,0.446,0.100248,1450033476
65462947,BTC-E,nmc_usd,nmc_usd,bid,0.448,0.1,1450030398
65462239,BTC-E,nmc_usd,nmc_usd,ask,0.445,1.58553,1450028405
65462236,BTC-E,nmc_usd,nmc_usd,ask,0.445,0.243046,1450028404
65462235,BTC-E,nmc_usd,nmc_usd,ask,0.445,0.243046,1450028403
65462234,BTC-E,nmc_usd,nmc_usd,ask,0.445,0.243046,1450028403
65462233,BTC-E,nmc_usd,nmc_usd,ask,0.445,0.243046,1450028403
65462232,BTC-E,nmc_usd,nmc_usd,ask,0.445,0.243046,1450028403
65462231,BTC-E,nmc_usd,nmc_usd,ask,0.445,0.243046,1450028403
65462223,BTC-E,nmc_usd,nmc_usd,ask,0.445,1.50677,1450028400
65473657,BTC-E,eur_usd,eur_usd,bid,1.07609,0.2,1450056066
65473656,BTC-E,eur_usd,eur_usd,bid,1.0762,0.2,1450056062
65473538,BTC-E,eur_usd,eur_usd,ask,1.07012,3.0957,1450055263
65473536,BTC-E,eur_usd,eur_usd,ask,1.07017,0.2,1450055263
65473521,BTC-E,eur_usd,eur_usd,bid,1.07619,0.1,1450055127
65473341,BTC-E,eur_usd,eur_usd,bid,1.07631,0.2,1450054418
65473193,BTC-E,eur_usd,eur_usd,ask,1.07023,0.2,1450054019
65472792,BTC-E,eur_usd,eur_usd,ask,1.07012,0.428543,1450053470
65472790,BTC-E,eur_usd,eur_usd,ask,1.07229,0.116581,1450053470
65472788,BTC-E,eur_usd,eur_usd,ask,1.07229,0.2,1450053470
65472729,BTC-E,eur_usd,eur_usd,bid,1.07849,0.1,1450053178
65472491,BTC-E,eur_usd,eur_usd,ask,1.07029,0.11,1450052417
65472375,BTC-E,eur_usd,eur_usd,ask,1.07012,0.128371,1450051910
65472372,BTC-E,eur_usd,eur_usd,ask,1.07251,0.2,1450051910
65472370,BTC-E,eur_usd,eur_usd,ask,1.0724,0.2,1450051894
65472362,BTC-E,eur_usd,eur_usd,bid,1.07861,0.426548,1450051883
65472361,BTC-E,eur_usd,eur_usd,bid,1.0786,0.1,1450051883
65472340,BTC-E,eur_usd,eur_usd,ask,1.07012,8.73583,1450051860
65472338,BTC-E,eur_usd,eur_usd,ask,1.07012,8.73583,1450051860
65472260,BTC-E,eur_usd,eur_usd,ask,1.07012,0.64525,1450051836
65472166,BTC-E,eur_usd,eur_usd,ask,1.07012,0.721318,1450051692
65472099,BTC-E,eur_usd,eur_usd,ask,1.0704,1.00417,1450051575
65472098,BTC-E,eur_usd,eur_usd,ask,1.0704,2.44978,1450051575
65471697,BTC-E,eur_usd,eur_usd,ask,1.07263,0.2,1450051236
65471519,BTC-E,eur_usd,eur_usd,ask,1.07252,0.2,1450050711
65471078,BTC-E,eur_usd,eur_usd,ask,1.07861,1.0E-8,1450050072
65470978,BTC-E,eur_usd,eur_usd,ask,1.07861,0.9,1450049818
65470976,BTC-E,eur_usd,eur_usd,bid,1.07861,0.1,1450049817
65470842,BTC-E,eur_usd,eur_usd,bid,1.07873,0.2,1450049489
65470534,BTC-E,eur_usd,eur_usd,ask,1.0704,0.169979,1450048349
65470532,BTC-E,eur_usd,eur_usd,ask,1.07274,0.2,1450048349
65470530,BTC-E,eur_usd,eur_usd,ask,1.07263,0.2,1450048334
65470296,BTC-E,eur_usd,eur_usd,bid,1.07884,0.05,1450047362
65470295,BTC-E,eur_usd,eur_usd,bid,1.07883,0.1,1450047362
65470257,BTC-E,eur_usd,eur_usd,ask,1.07041,0.12,1450047149
65470154,BTC-E,eur_usd,eur_usd,ask,1.0704,0.380244,1450046451
65469862,BTC-E,eur_usd,eur_usd,ask,1.07041,0.11654,1450045607
65469502,BTC-E,eur_usd,eur_usd,ask,1.07291,0.2,1450044766
65469316,BTC-E,eur_usd,eur_usd,ask,1.0728,0.2,1450044044
65469057,BTC-E,eur_usd,eur_usd,bid,1.07895,0.1,1450043234
65468740,BTC-E,eur_usd,eur_usd,ask,1.07302,0.2,1450042600
65468171,BTC-E,eur_usd,eur_usd,ask,1.07291,0.2,1450041778
65467219,BTC-E,eur_usd,eur_usd,bid,1.07907,0.2,1450040868
65466836,BTC-E,eur_usd,eur_usd,ask,1.07287,0.401678,1450040005
65466835,BTC-E,eur_usd,eur_usd,ask,1.07287,0.2,1450040005
65466401,BTC-E,eur_usd,eur_usd,ask,1.073,0.2,1450039532
65465984,BTC-E,eur_usd,eur_usd,ask,1.07302,0.116633,1450039003
65465480,BTC-E,eur_usd,eur_usd,ask,1.07289,0.2,1450037686
65465260,BTC-E,eur_usd,eur_usd,bid,1.07995,10.8419,1450036839
65465259,BTC-E,eur_usd,eur_usd,bid,1.07994,4.186,1450036839
65465258,BTC-E,eur_usd,eur_usd,bid,1.07994,6.02022,1450036839
65465257,BTC-E,eur_usd,eur_usd,bid,1.07994,0.2,1450036839
65465256,BTC-E,eur_usd,eur_usd,bid,1.07993,0.1,1450036839
65465069,BTC-E,eur_usd,eur_usd,bid,1.07993,0.1,1450036522
65464584,BTC-E,eur_usd,eur_usd,bid,1.07993,0.1,1450035683
65464339,BTC-E,eur_usd,eur_usd,bid,1.07995,4.65292,1450034929
65464331,BTC-E,eur_usd,eur_usd,bid,1.07995,62.1151,1450034908
65464330,BTC-E,eur_usd,eur_usd,bid,1.07983,0.998,1450034908
65464329,BTC-E,eur_usd,eur_usd,bid,1.07983,5.06157,1450034908
65464328,BTC-E,eur_usd,eur_usd,bid,1.07983,0.2,1450034907
65464327,BTC-E,eur_usd,eur_usd,bid,1.0797,0.998,1450034907
65464326,BTC-E,eur_usd,eur_usd,bid,1.0797,0.398,1450034907
65464325,BTC-E,eur_usd,eur_usd,bid,1.07969,100.0,1450034907
65464324,BTC-E,eur_usd,eur_usd,bid,1.07968,93.495,1450034907
65464323,BTC-E,eur_usd,eur_usd,bid,1.07966,0.2,1450034907
65464322,BTC-E,eur_usd,eur_usd,bid,1.0794,0.2,1450034907
65464321,BTC-E,eur_usd,eur_usd,bid,1.07889,0.2,1450034907
65464320,BTC-E,eur_usd,eur_usd,bid,1.07888,0.1,1450034907
65464229,BTC-E,eur_usd,eur_usd,bid,1.079,0.500001,1450034559
65464026,BTC-E,eur_usd,eur_usd,ask,1.074,1.0E-8,1450033807
65463736,BTC-E,eur_usd,eur_usd,ask,1.074,0.100001,1450033124
65463735,BTC-E,eur_usd,eur_usd,ask,1.074,0.100001,1450033124
65463734,BTC-E,eur_usd,eur_usd,ask,1.074,0.100001,1450033124
65463732,BTC-E,eur_usd,eur_usd,ask,1.07899,0.199676,1450033124
65463646,BTC-E,eur_usd,eur_usd,ask,1.0701,31.677,1450032794
65463645,BTC-E,eur_usd,eur_usd,ask,1.0702,93.6824,1450032794
65463644,BTC-E,eur_usd,eur_usd,ask,1.07028,1.65,1450032794
65463643,BTC-E,eur_usd,eur_usd,ask,1.0703,152.266,1450032794
65463642,BTC-E,eur_usd,eur_usd,ask,1.0703,0.2,1450032794
65463641,BTC-E,eur_usd,eur_usd,ask,1.07033,0.2,1450032794
65463640,BTC-E,eur_usd,eur_usd,ask,1.07038,0.2,1450032794
65463638,BTC-E,eur_usd,eur_usd,ask,1.0704,0.2,1450032794
65463636,BTC-E,eur_usd,eur_usd,ask,1.07056,30.594,1450032794
65463635,BTC-E,eur_usd,eur_usd,ask,1.07069,3.03228,1450032794
65463634,BTC-E,eur_usd,eur_usd,ask,1.07069,1.76,1450032794
65463633,BTC-E,eur_usd,eur_usd,ask,1.07088,0.2,1450032794
65463632,BTC-E,eur_usd,eur_usd,ask,1.07093,0.635724,1450032794
65463631,BTC-E,eur_usd,eur_usd,ask,1.071,72.1589,1450032794
65463630,BTC-E,eur_usd,eur_usd,ask,1.071,39.5568,1450032794
65463629,BTC-E,eur_usd,eur_usd,ask,1.07104,6.29401,1450032794
65463628,BTC-E,eur_usd,eur_usd,ask,1.07104,1.54,1450032794
65463627,BTC-E,eur_usd,eur_usd,ask,1.0714,6.4579,1450032794
65463626,BTC-E,eur_usd,eur_usd,ask,1.07168,0.2,1450032794
65463625,BTC-E,eur_usd,eur_usd,ask,1.07172,6.4799,1450032794
65463624,BTC-E,eur_usd,eur_usd,ask,1.07179,0.2,1450032794
65463623,BTC-E,eur_usd,eur_usd,ask,1.07191,16.4829,1450032794
65463622,BTC-E,eur_usd,eur_usd,ask,1.07193,0.402734,1450032794
65463621,BTC-E,eur_usd,eur_usd,ask,1.07194,13.2292,1450032794
65463620,BTC-E,eur_usd,eur_usd,ask,1.07352,0.2,1450032794
65463619,BTC-E,eur_usd,eur_usd,ask,1.074,0.100001,1450032794
65463618,BTC-E,eur_usd,eur_usd,ask,1.074,0.100001,1450032794
65463617,BTC-E,eur_usd,eur_usd,ask,1.07401,0.1,1450032794
65463616,BTC-E,eur_usd,eur_usd,ask,1.07413,0.1,1450032794
65463615,BTC-E,eur_usd,eur_usd,ask,1.07414,0.1,1450032794
65463571,BTC-E,eur_usd,eur_usd,ask,1.07413,0.1,1450032633
65463515,BTC-E,eur_usd,eur_usd,bid,1.07402,0.1,1450032514
65463431,BTC-E,eur_usd,eur_usd,ask,1.07958,0.1,1450032275
65463421,BTC-E,eur_usd,eur_usd,bid,1.07958,0.1,1450032210
65463402,BTC-E,eur_usd,eur_usd,ask,1.07969,0.1,1450032102
65463401,BTC-E,eur_usd,eur_usd,bid,1.07969,0.1,1450032099
65463259,BTC-E,eur_usd,eur_usd,ask,1.07321,0.116646,1450031652
65463258,BTC-E,eur_usd,eur_usd,ask,1.07321,0.2,1450031652
65463016,BTC-E,eur_usd,eur_usd,ask,1.07411,0.2,1450030773
65462859,BTC-E,eur_usd,eur_usd,ask,1.074,0.100001,1450030069
65462636,BTC-E,eur_usd,eur_usd,bid,1.0795,1.34171,1450029497
65462635,BTC-E,eur_usd,eur_usd,bid,1.0795,19.7571,1450029497
65462633,BTC-E,eur_usd,eur_usd,bid,1.07929,0.2,1450029497
65462446,BTC-E,eur_usd,eur_usd,bid,1.0794,0.2,1450029001
65462160,BTC-E,eur_usd,eur_usd,ask,1.07192,0.342251,1450028202
65462159,BTC-E,eur_usd,eur_usd,ask,1.072,0.100001,1450028202
65462158,BTC-E,eur_usd,eur_usd,ask,1.07203,0.2,1450028202
65462156,BTC-E,eur_usd,eur_usd,ask,1.074,0.100001,1450028202
65462094,BTC-E,eur_usd,eur_usd,bid,1.0795,8.30352,1450028005
65462093,BTC-E,eur_usd,eur_usd,bid,1.0793,0.2,1450028005
65462092,BTC-E,eur_usd,eur_usd,bid,1.07918,0.997997,1450028005
65462091,BTC-E,eur_usd,eur_usd,bid,1.07918,0.144611,1450028005
65462090,BTC-E,eur_usd,eur_usd,bid,1.07916,0.17837,1450028005
65462089,BTC-E,eur_usd,eur_usd,bid,1.07905,0.2,1450028005
65462088,BTC-E,eur_usd,eur_usd,bid,1.0781,0.2,1450028005
65462087,BTC-E,eur_usd,eur_usd,bid,1.0776,0.1,1450028005
65462086,BTC-E,eur_usd,eur_usd,bid,1.077,0.500001,1450028005
65462085,BTC-E,eur_usd,eur_usd,bid,1.07497,0.0230541,1450028005
65462084,BTC-E,eur_usd,eur_usd,bid,1.07497,10.8866,1450027994
65462083,BTC-E,eur_usd,eur_usd,bid,1.07486,10.9108,1450027986
65462062,BTC-E,eur_usd,eur_usd,ask,1.07192,1.58163,1450027920
65462061,BTC-E,eur_usd,eur_usd,ask,1.072,0.100001,1450027920
65462060,BTC-E,eur_usd,eur_usd,ask,1.07298,0.2,1450027920
65461993,BTC-E,eur_usd,eur_usd,bid,1.07916,0.0216303,1450027813
65461992,BTC-E,eur_usd,eur_usd,bid,1.07846,0.2,1450027813
65461991,BTC-E,eur_usd,eur_usd,bid,1.078,0.500001,1450027813
65461990,BTC-E,eur_usd,eur_usd,bid,1.07769,0.1,1450027813
65461988,BTC-E,eur_usd,eur_usd,bid,1.07227,3.2,1450027813
65461985,BTC-E,eur_usd,eur_usd,bid,1.07226,1.7E-7,1450027812
65461982,BTC-E,eur_usd,eur_usd,bid,1.07226,16.9792,1450027812
65461979,BTC-E,eur_usd,eur_usd,ask,1.07191,0.893566,1450027810
65461974,BTC-E,eur_usd,eur_usd,ask,1.072,0.100001,1450027808
65461967,BTC-E,eur_usd,eur_usd,bid,1.07202,1.88141,1450027805
65461953,BTC-E,eur_usd,eur_usd,bid,1.07203,2.4193,1450027803
65461944,BTC-E,eur_usd,eur_usd,ask,1.07203,2.0,1450027802
65461943,BTC-E,eur_usd,eur_usd,ask,1.07203,17.3985,1450027802
65473803,BTC-E,nvc_usd,nvc_usd,ask,0.93,0.39189,1450056567
65473645,BTC-E,nvc_usd,nvc_usd,ask,0.93,0.061495,1450056002
65473644,BTC-E,nvc_usd,nvc_usd,ask,0.931,0.061495,1450056002
65473643,BTC-E,nvc_usd,nvc_usd,ask,0.931,0.231656,1450056002
65473640,BTC-E,nvc_usd,nvc_usd,ask,0.931,0.147591,1450056001
65473639,BTC-E,nvc_usd,nvc_usd,ask,0.931,0.231656,1450056001
65473636,BTC-E,nvc_usd,nvc_usd,ask,0.931,0.327603,1450056000
65472826,BTC-E,nvc_usd,nvc_usd,ask,0.93,5.33549,1450053683
65472503,BTC-E,nvc_usd,nvc_usd,ask,0.93,5.06345,1450052421
65472501,BTC-E,nvc_usd,nvc_usd,ask,0.93,9.16664,1450052421
65472496,BTC-E,nvc_usd,nvc_usd,ask,0.93,3.9679,1450052420
65472494,BTC-E,nvc_usd,nvc_usd,ask,0.931,0.5,1450052420
65472493,BTC-E,nvc_usd,nvc_usd,ask,0.932,0.116,1450052420
65472210,BTC-E,nvc_usd,nvc_usd,ask,0.93,4.21588,1450051801
65472209,BTC-E,nvc_usd,nvc_usd,ask,0.933,0.361,1450051801
65472185,BTC-E,nvc_usd,nvc_usd,ask,0.933,0.433259,1450051747
65471922,BTC-E,nvc_usd,nvc_usd,ask,0.93,19.2574,1450051540
65471881,BTC-E,nvc_usd,nvc_usd,ask,0.93,45.9711,1450051528
65471833,BTC-E,nvc_usd,nvc_usd,ask,0.93,0.745301,1450051509
65471832,BTC-E,nvc_usd,nvc_usd,ask,0.93,0.1,1450051509
65471830,BTC-E,nvc_usd,nvc_usd,ask,0.931,3.73142,1450051509
65471211,BTC-E,nvc_usd,nvc_usd,ask,0.931,6.26858,1450050367
65471210,BTC-E,nvc_usd,nvc_usd,ask,0.931,1.0021,1450050367
65471209,BTC-E,nvc_usd,nvc_usd,ask,0.931,2.51942,1450050367
65471206,BTC-E,nvc_usd,nvc_usd,ask,0.931,0.1,1450050367
65471102,BTC-E,nvc_usd,nvc_usd,ask,0.932,1.0021,1450050115
65471100,BTC-E,nvc_usd,nvc_usd,ask,0.932,4.09829,1450050115
65470268,BTC-E,nvc_usd,nvc_usd,ask,0.932,0.999,1450047184
65470003,BTC-E,nvc_usd,nvc_usd,ask,0.932,6.45597,1450046073
65469982,BTC-E,nvc_usd,nvc_usd,ask,0.933,10.0,1450046047
65469981,BTC-E,nvc_usd,nvc_usd,ask,0.933,1.0021,1450046047
65469979,BTC-E,nvc_usd,nvc_usd,ask,0.933,1.03,1450046047
65469977,BTC-E,nvc_usd,nvc_usd,ask,0.934,0.5,1450046039
65469976,BTC-E,nvc_usd,nvc_usd,ask,0.934,1.0021,1450046039
65469975,BTC-E,nvc_usd,nvc_usd,ask,0.934,6.39573,1450046039
65469974,BTC-E,nvc_usd,nvc_usd,ask,0.935,1.0021,1450046039
65468734,BTC-E,nvc_usd,nvc_usd,bid,0.942,5.71674,1450042585
65467439,BTC-E,nvc_usd,nvc_usd,ask,0.934,4.60427,1450041393
65467438,BTC-E,nvc_usd,nvc_usd,ask,0.935,1.0021,1450041393
65467203,BTC-E,nvc_usd,nvc_usd,bid,0.939,0.100338,1450040811
65465778,BTC-E,nvc_usd,nvc_usd,ask,0.945,0.52312,1450038389
65465690,BTC-E,nvc_usd,nvc_usd,bid,0.945,18.4571,1450038269
65465502,BTC-E,nvc_usd,nvc_usd,bid,0.934,0.384,1450037722
65465500,BTC-E,nvc_usd,nvc_usd,ask,0.934,2.605,1450037717
65465499,BTC-E,nvc_usd,nvc_usd,ask,0.934,1.0,1450037717
65465498,BTC-E,nvc_usd,nvc_usd,ask,0.934,1.0021,1450037717
65465497,BTC-E,nvc_usd,nvc_usd,ask,0.934,1.65,1450037717
65465496,BTC-E,nvc_usd,nvc_usd,ask,0.934,1.76,1450037717
65465495,BTC-E,nvc_usd,nvc_usd,ask,0.934,1.65,1450037717
65465494,BTC-E,nvc_usd,nvc_usd,ask,0.934,0.11,1450037717
65465493,BTC-E,nvc_usd,nvc_usd,ask,0.934,1.65,1450037717
65465492,BTC-E,nvc_usd,nvc_usd,ask,0.934,310.0,1450037717
65465491,BTC-E,nvc_usd,nvc_usd,ask,0.935,91.6579,1450037717
65465490,BTC-E,nvc_usd,nvc_usd,ask,0.935,5.06193,1450037717
65465489,BTC-E,nvc_usd,nvc_usd,ask,0.935,1.0021,1450037717
65465488,BTC-E,nvc_usd,nvc_usd,ask,0.935,1.76,1450037717
65465487,BTC-E,nvc_usd,nvc_usd,ask,0.935,3.14159,1450037717
65465486,BTC-E,nvc_usd,nvc_usd,ask,0.936,1.0021,1450037717
65465485,BTC-E,nvc_usd,nvc_usd,ask,0.936,1.60181,1450037717
65465484,BTC-E,nvc_usd,nvc_usd,ask,0.937,1.0021,1450037717
65465483,BTC-E,nvc_usd,nvc_usd,ask,0.937,139.488,1450037717
65465482,BTC-E,nvc_usd,nvc_usd,ask,0.941,3.5,1450037717
65465336,BTC-E,nvc_usd,nvc_usd,bid,0.945,22.757,1450037051
65465335,BTC-E,nvc_usd,nvc_usd,bid,0.944,1.0,1450037051
65465334,BTC-E,nvc_usd,nvc_usd,bid,0.943,1.0,1450037051
65465333,BTC-E,nvc_usd,nvc_usd,bid,0.943,1.0,1450037051
65465027,BTC-E,nvc_usd,nvc_usd,ask,0.937,5.10272,1450036462
65465024,BTC-E,nvc_usd,nvc_usd,bid,0.942,1.0,1450036459
65465023,BTC-E,nvc_usd,nvc_usd,bid,0.942,3.0,1450036459
65465022,BTC-E,nvc_usd,nvc_usd,bid,0.942,3.0,1450036459
65465021,BTC-E,nvc_usd,nvc_usd,bid,0.942,3.0,1450036459
65465020,BTC-E,nvc_usd,nvc_usd,bid,0.942,3.0,1450036459
65465019,BTC-E,nvc_usd,nvc_usd,bid,0.942,2.71681,1450036459
65464615,BTC-E,nvc_usd,nvc_usd,ask,0.937,5.40922,1450035842
65463858,BTC-E,nvc_usd,nvc_usd,ask,0.936,0.0481899,1450033322
65463857,BTC-E,nvc_usd,nvc_usd,ask,0.937,15.4507,1450033321
65463855,BTC-E,nvc_usd,nvc_usd,ask,0.937,4.54935,1450033321
65463854,BTC-E,nvc_usd,nvc_usd,ask,0.937,3.14159,1450033321
65463853,BTC-E,nvc_usd,nvc_usd,ask,0.937,3.14159,1450033321
65463852,BTC-E,nvc_usd,nvc_usd,ask,0.937,3.14159,1450033321
65463851,BTC-E,nvc_usd,nvc_usd,ask,0.937,1.52472,1450033321
65463739,BTC-E,nvc_usd,nvc_usd,bid,0.942,0.283185,1450033130
65463738,BTC-E,nvc_usd,nvc_usd,bid,0.942,2.85841,1450033130
65463716,BTC-E,nvc_usd,nvc_usd,bid,0.942,0.141593,1450033071
65463715,BTC-E,nvc_usd,nvc_usd,bid,0.942,3.0,1450033071
65463696,BTC-E,nvc_usd,nvc_usd,bid,0.942,0.707963,1450033010
65463695,BTC-E,nvc_usd,nvc_usd,bid,0.942,2.43363,1450033010
65463684,BTC-E,nvc_usd,nvc_usd,bid,0.942,0.56637,1450032950
65463683,BTC-E,nvc_usd,nvc_usd,bid,0.942,2.57522,1450032950
65463663,BTC-E,nvc_usd,nvc_usd,bid,0.942,0.424778,1450032891
65463662,BTC-E,nvc_usd,nvc_usd,bid,0.942,2.71681,1450032891
65463651,BTC-E,nvc_usd,nvc_usd,bid,0.942,0.283185,1450032830
65463650,BTC-E,nvc_usd,nvc_usd,bid,0.942,2.85841,1450032830
65463613,BTC-E,nvc_usd,nvc_usd,bid,0.942,0.141593,1450032770
65463612,BTC-E,nvc_usd,nvc_usd,bid,0.942,3.0,1450032770
65463587,BTC-E,nvc_usd,nvc_usd,bid,0.942,2.86956,1450032711
65463586,BTC-E,nvc_usd,nvc_usd,bid,0.942,0.272037,1450032711
65463580,BTC-E,nvc_usd,nvc_usd,bid,0.942,2.72796,1450032650
65463579,BTC-E,nvc_usd,nvc_usd,bid,0.942,0.41363,1450032650
65463547,BTC-E,nvc_usd,nvc_usd,bid,0.942,2.58637,1450032590
65463546,BTC-E,nvc_usd,nvc_usd,bid,0.942,0.555222,1450032590
65463521,BTC-E,nvc_usd,nvc_usd,bid,0.942,3.14159,1450032530
65463486,BTC-E,nvc_usd,nvc_usd,bid,0.942,3.14159,1450032470
65463456,BTC-E,nvc_usd,nvc_usd,bid,0.942,3.14159,1450032411
65463448,BTC-E,nvc_usd,nvc_usd,bid,0.942,0.283185,1450032351
65463447,BTC-E,nvc_usd,nvc_usd,bid,0.942,2.85841,1450032351
65463439,BTC-E,nvc_usd,nvc_usd,bid,0.942,0.141593,1450032302
65463438,BTC-E,nvc_usd,nvc_usd,bid,0.942,3.0,1450032302
65463434,BTC-E,nvc_usd,nvc_usd,ask,0.937,1.61688,1450032291
65463433,BTC-E,nvc_usd,nvc_usd,ask,0.937,1.38312,1450032291
65463425,BTC-E,nvc_usd,nvc_usd,ask,0.937,1.75847,1450032231
65463424,BTC-E,nvc_usd,nvc_usd,ask,0.937,1.24153,1450032231
65463419,BTC-E,nvc_usd,nvc_usd,ask,0.937,1.90006,1450032171
65463418,BTC-E,nvc_usd,nvc_usd,ask,0.937,1.09994,1450032171
65463406,BTC-E,nvc_usd,nvc_usd,ask,0.937,2.04165,1450032110
65463405,BTC-E,nvc_usd,nvc_usd,ask,0.937,0.958345,1450032110
65463387,BTC-E,nvc_usd,nvc_usd,ask,0.937,2.18325,1450032051
65463386,BTC-E,nvc_usd,nvc_usd,ask,0.937,0.816753,1450032051
65463366,BTC-E,nvc_usd,nvc_usd,ask,0.937,2.32484,1450031990
65463365,BTC-E,nvc_usd,nvc_usd,ask,0.937,0.67516,1450031990
65463351,BTC-E,nvc_usd,nvc_usd,ask,0.937,2.46643,1450031930
65463350,BTC-E,nvc_usd,nvc_usd,ask,0.937,0.533568,1450031930
65463315,BTC-E,nvc_usd,nvc_usd,ask,0.937,0.468532,1450031870
65463314,BTC-E,nvc_usd,nvc_usd,ask,0.937,2.53147,1450031870
65463298,BTC-E,nvc_usd,nvc_usd,ask,0.937,0.610125,1450031810
65463297,BTC-E,nvc_usd,nvc_usd,ask,0.937,2.38987,1450031810
65463287,BTC-E,nvc_usd,nvc_usd,ask,0.937,3.0,1450031750
65463280,BTC-E,nvc_usd,nvc_usd,ask,0.937,2.61011,1450031742
65463263,BTC-E,nvc_usd,nvc_usd,bid,0.942,0.141593,1450031690
65463262,BTC-E,nvc_usd,nvc_usd,bid,0.942,3.0,1450031690
65463252,BTC-E,nvc_usd,nvc_usd,bid,0.942,0.283185,1450031630
65463251,BTC-E,nvc_usd,nvc_usd,bid,0.942,2.85841,1450031630
65463247,BTC-E,nvc_usd,nvc_usd,bid,0.942,0.141593,1450031570
65463246,BTC-E,nvc_usd,nvc_usd,bid,0.942,3.0,1450031570
65463242,BTC-E,nvc_usd,nvc_usd,bid,0.942,0.283185,1450031510
65463241,BTC-E,nvc_usd,nvc_usd,bid,0.942,2.85841,1450031510
65463219,BTC-E,nvc_usd,nvc_usd,bid,0.942,0.141593,1450031450
65463218,BTC-E,nvc_usd,nvc_usd,bid,0.942,3.0,1450031450
65463202,BTC-E,nvc_usd,nvc_usd,bid,0.942,0.141593,1450031391
65463201,BTC-E,nvc_usd,nvc_usd,bid,0.942,3.0,1450031391
65463183,BTC-E,nvc_usd,nvc_usd,bid,0.942,0.283185,1450031330
65463182,BTC-E,nvc_usd,nvc_usd,bid,0.942,2.85841,1450031330
65463173,BTC-E,nvc_usd,nvc_usd,bid,0.942,0.141593,1450031293
65463172,BTC-E,nvc_usd,nvc_usd,bid,0.942,3.0,1450031293
65463171,BTC-E,nvc_usd,nvc_usd,bid,0.942,0.141593,1450031271
65463170,BTC-E,nvc_usd,nvc_usd,bid,0.942,3.0,1450031271
65463153,BTC-E,nvc_usd,nvc_usd,bid,0.942,0.141593,1450031211
65463152,BTC-E,nvc_usd,nvc_usd,bid,0.942,3.0,1450031211
65463131,BTC-E,nvc_usd,nvc_usd,bid,0.942,3.14159,1450031151
65463109,BTC-E,nvc_usd,nvc_usd,bid,0.942,0.141593,1450031090
65473811,BTC-E,btc_usd,btc_usd,bid,428.715,0.0968067,1450056569
65473810,BTC-E,btc_usd,btc_usd,bid,428.662,0.011049,1450056568
65473809,BTC-E,btc_usd,btc_usd,bid,428.653,0.011053,1450056568
65473808,BTC-E,btc_usd,btc_usd,bid,428.652,0.0810914,1450056568
65473807,BTC-E,btc_usd,btc_usd,ask,428.239,0.0102466,1450056567
65473806,BTC-E,btc_usd,btc_usd,ask,428.294,0.011044,1450056567
65473804,BTC-E,btc_usd,btc_usd,ask,428.362,0.011053,1450056567
65473800,BTC-E,btc_usd,btc_usd,ask,428.363,0.168909,1450056567
65473756,BTC-E,btc_usd,btc_usd,ask,428.507,0.011049,1450056548
65473755,BTC-E,btc_usd,btc_usd,ask,428.559,0.0111016,1450056547
65473754,BTC-E,btc_usd,btc_usd,ask,428.611,0.011053,1450056546
65473753,BTC-E,btc_usd,btc_usd,ask,428.628,0.011045,1450056545
65473752,BTC-E,btc_usd,btc_usd,ask,428.637,0.0110965,1450056545
65473749,BTC-E,btc_usd,btc_usd,bid,428.715,0.0713869,1450056483
65473748,BTC-E,btc_usd,btc_usd,ask,428.403,0.0810914,1450056478
65473747,BTC-E,btc_usd,btc_usd,ask,428.407,0.011042,1450056478
65473746,BTC-E,btc_usd,btc_usd,ask,428.499,0.7,1450056478
65473745,BTC-E,btc_usd,btc_usd,ask,428.499,0.280104,1450056478
65473744,BTC-E,btc_usd,btc_usd,ask,428.518,0.40696,1450056478
65473743,BTC-E,btc_usd,btc_usd,ask,428.603,0.00899,1450056478
65473741,BTC-E,btc_usd,btc_usd,ask,428.604,0.565771,1450056478
65473733,BTC-E,btc_usd,btc_usd,bid,429.646,0.115771,1450056463
65473732,BTC-E,btc_usd,btc_usd,bid,429.645,3.82001,1450056463
65473731,BTC-E,btc_usd,btc_usd,bid,429.446,0.011045,1450056463
65473730,BTC-E,btc_usd,btc_usd,bid,429.445,0.05,1450056463
65473729,BTC-E,btc_usd,btc_usd,ask,428.714,0.00109767,1450056430
65473728,BTC-E,btc_usd,btc_usd,ask,428.714,0.01,1450056414
65473725,BTC-E,btc_usd,btc_usd,bid,429.813,0.1849,1450056397
65473724,BTC-E,btc_usd,btc_usd,bid,429.812,0.0315,1450056397
65473723,BTC-E,btc_usd,btc_usd,bid,429.814,0.0107735,1450056365
65473722,BTC-E,btc_usd,btc_usd,bid,429.813,0.0998,1450056365
65473721,BTC-E,btc_usd,btc_usd,bid,429.778,0.011045,1450056365
65473720,BTC-E,btc_usd,btc_usd,bid,429.778,0.011045,1450056365
65473719,BTC-E,btc_usd,btc_usd,bid,429.771,0.011053,1450056365
65473718,BTC-E,btc_usd,btc_usd,bid,429.766,0.0104,1450056365
65473716,BTC-E,btc_usd,btc_usd,bid,429.746,0.011049,1450056365
65473714,BTC-E,btc_usd,btc_usd,bid,429.712,0.0345,1450056365
65473712,BTC-E,btc_usd,btc_usd,bid,429.698,0.011049,1450056365
65473711,BTC-E,btc_usd,btc_usd,bid,429.698,0.011049,1450056365
65473710,BTC-E,btc_usd,btc_usd,bid,429.698,0.011049,1450056365
65473709,BTC-E,btc_usd,btc_usd,bid,429.642,0.011049,1450056365
65473708,BTC-E,btc_usd,btc_usd,bid,429.642,0.011049,1450056365
65473707,BTC-E,btc_usd,btc_usd,bid,429.642,0.011049,1450056365
65473706,BTC-E,btc_usd,btc_usd,bid,429.642,0.011049,1450056365
65473705,BTC-E,btc_usd,btc_usd,bid,429.642,0.011049,1450056365
65473704,BTC-E,btc_usd,btc_usd,bid,429.642,0.011049,1450056365
65473703,BTC-E,btc_usd,btc_usd,bid,429.642,0.011049,1450056365
65473702,BTC-E,btc_usd,btc_usd,bid,429.642,0.011049,1450056365
65473701,BTC-E,btc_usd,btc_usd,bid,429.642,0.011049,1450056365
65473700,BTC-E,btc_usd,btc_usd,bid,429.642,0.011049,1450056365
65473699,BTC-E,btc_usd,btc_usd,bid,429.642,0.011049,1450056365
65473698,BTC-E,btc_usd,btc_usd,bid,429.642,0.011049,1450056365
65473697,BTC-E,btc_usd,btc_usd,bid,429.642,0.011049,1450056365
65473696,BTC-E,btc_usd,btc_usd,bid,429.642,0.011049,1450056365
65473695,BTC-E,btc_usd,btc_usd,bid,429.642,0.011049,1450056365
65473694,BTC-E,btc_usd,btc_usd,bid,429.642,0.011049,1450056365
65473693,BTC-E,btc_usd,btc_usd,bid,429.642,0.011049,1450056365
65473692,BTC-E,btc_usd,btc_usd,bid,429.642,0.011049,1450056365
65473691,BTC-E,btc_usd,btc_usd,bid,429.642,0.011049,1450056365
65473690,BTC-E,btc_usd,btc_usd,bid,429.642,0.011049,1450056365
65473689,BTC-E,btc_usd,btc_usd,bid,429.642,0.011049,1450056365
65473688,BTC-E,btc_usd,btc_usd,bid,429.642,0.011049,1450056365
65473687,BTC-E,btc_usd,btc_usd,bid,429.633,0.4,1450056365
65473686,BTC-E,btc_usd,btc_usd,bid,429.632,2.42216,1450056365
65473685,BTC-E,btc_usd,btc_usd,bid,429.489,0.0302,1450056365
65473684,BTC-E,btc_usd,btc_usd,bid,429.342,0.01656,1450056365
65473683,BTC-E,btc_usd,btc_usd,bid,429.342,0.011049,1450056365
65473682,BTC-E,btc_usd,btc_usd,bid,429.243,0.011045,1450056365
65473681,BTC-E,btc_usd,btc_usd,ask,428.797,0.011053,1450056343
65473680,BTC-E,btc_usd,btc_usd,ask,428.82,0.0110977,1450056340
65473679,BTC-E,btc_usd,btc_usd,ask,428.906,0.0110965,1450056337
65473678,BTC-E,btc_usd,btc_usd,ask,429.043,0.011045,1450056336
65473677,BTC-E,btc_usd,btc_usd,ask,429.046,0.011051,1450056335
65473676,BTC-E,btc_usd,btc_usd,ask,429.046,0.011049,1450056335
65473675,BTC-E,btc_usd,btc_usd,ask,429.111,0.001044,1450056334
65473674,BTC-E,btc_usd,btc_usd,ask,429.14,0.011049,1450056334
65473673,BTC-E,btc_usd,btc_usd,ask,429.199,0.221942,1450056321
65473672,BTC-E,btc_usd,btc_usd,bid,429.199,0.01105,1450056321
65473670,BTC-E,btc_usd,btc_usd,ask,429.112,0.3,1450056317
65473665,BTC-E,btc_usd,btc_usd,ask,429.111,0.01,1450056207
65473660,BTC-E,btc_usd,btc_usd,ask,429.047,0.3,1450056136
65473653,BTC-E,btc_usd,btc_usd,bid,429.499,0.926723,1450056048
65473652,BTC-E,btc_usd,btc_usd,bid,429.408,0.3,1450056048
65473651,BTC-E,btc_usd,btc_usd,bid,429.402,0.01105,1450056048
65473650,BTC-E,btc_usd,btc_usd,bid,429.208,0.011053,1450056048
65473649,BTC-E,btc_usd,btc_usd,bid,429.207,0.0868298,1450056048
65473648,BTC-E,btc_usd,btc_usd,bid,429.078,0.011044,1450056048
65473634,BTC-E,btc_usd,btc_usd,ask,429.19,0.01656,1450055993
65473633,BTC-E,btc_usd,btc_usd,bid,429.401,0.01656,1450055992
65473632,BTC-E,btc_usd,btc_usd,ask,428.884,0.10339,1450055990
65473631,BTC-E,btc_usd,btc_usd,ask,428.926,0.011657,1450055990
65473630,BTC-E,btc_usd,btc_usd,ask,428.926,0.011052,1450055990
65473629,BTC-E,btc_usd,btc_usd,ask,429.084,0.011053,1450055990
65473625,BTC-E,btc_usd,btc_usd,bid,429.641,0.3162,1450055955
65473624,BTC-E,btc_usd,btc_usd,bid,429.56,0.3,1450055955
65473621,BTC-E,btc_usd,btc_usd,bid,429.568,0.01,1450055914
65473617,BTC-E,btc_usd,btc_usd,bid,429.568,0.01,1450055913
65473614,BTC-E,btc_usd,btc_usd,bid,429.573,0.0177999,1450055892
65473613,BTC-E,btc_usd,btc_usd,bid,429.184,0.0022001,1450055892
65473612,BTC-E,btc_usd,btc_usd,ask,428.983,0.3,1450055882
65473611,BTC-E,btc_usd,btc_usd,ask,429.013,0.011044,1450055881
65473610,BTC-E,btc_usd,btc_usd,ask,429.183,0.0835741,1450055881
65473609,BTC-E,btc_usd,btc_usd,bid,429.184,0.0088449,1450055849
65473608,BTC-E,btc_usd,btc_usd,bid,429.184,0.011044,1450055849
65473606,BTC-E,btc_usd,btc_usd,bid,429.183,0.198175,1450055781
65473595,BTC-E,btc_usd,btc_usd,bid,429.055,0.1497,1450055719
65473593,BTC-E,btc_usd,btc_usd,ask,428.927,0.02,1450055704
65473583,BTC-E,btc_usd,btc_usd,bid,429.183,0.0139277,1450055610
65473582,BTC-E,btc_usd,btc_usd,ask,428.798,0.0272129,1450055594
65473581,BTC-E,btc_usd,btc_usd,ask,428.798,0.0462,1450055574
65473579,BTC-E,btc_usd,btc_usd,ask,428.798,0.0266916,1450055523
65473564,BTC-E,btc_usd,btc_usd,ask,428.982,0.091998,1450055388
65473563,BTC-E,btc_usd,btc_usd,ask,429.182,0.011042,1450055388
65473562,BTC-E,btc_usd,btc_usd,ask,429.183,0.02796,1450055388
65473561,BTC-E,btc_usd,btc_usd,ask,429.182,7.13E-5,1450055377
65473560,BTC-E,btc_usd,btc_usd,ask,429.182,0.283,1450055373
65473551,BTC-E,btc_usd,btc_usd,bid,429.182,0.0990783,1450055369
65473549,BTC-E,btc_usd,btc_usd,bid,428.603,0.01105,1450055313
65473548,BTC-E,btc_usd,btc_usd,ask,428.499,0.007004,1450055311
65473547,BTC-E,btc_usd,btc_usd,ask,428.602,0.008996,1450055311
65473545,BTC-E,btc_usd,btc_usd,bid,428.602,0.011044,1450055283
65473544,BTC-E,btc_usd,btc_usd,ask,428.499,0.075561,1450055282
65473543,BTC-E,btc_usd,btc_usd,ask,428.5,4.39E-4,1450055282
65473542,BTC-E,btc_usd,btc_usd,ask,428.5,0.086,1450055275
65473534,BTC-E,btc_usd,btc_usd,ask,428.499,0.018996,1450055254
65473533,BTC-E,btc_usd,btc_usd,bid,428.499,0.001044,1450055253
65473531,BTC-E,btc_usd,btc_usd,bid,428.499,0.01,1450055242
65473530,BTC-E,btc_usd,btc_usd,bid,428.601,0.02004,1450055224
65473529,BTC-E,btc_usd,btc_usd,ask,428.295,0.01,1450055213
65473528,BTC-E,btc_usd,btc_usd,bid,428.601,0.02004,1450055194
65473525,BTC-E,btc_usd,btc_usd,bid,428.478,0.037363,1450055161
65473524,BTC-E,btc_usd,btc_usd,bid,428.43,0.011042,1450055161
65473523,BTC-E,btc_usd,btc_usd,bid,428.316,0.001053,1450055161
65473522,BTC-E,btc_usd,btc_usd,bid,428.278,0.011042,1450055161
65473512,BTC-E,btc_usd,btc_usd,bid,428.316,0.01,1450055101
65473504,BTC-E,btc_usd,btc_usd,ask,427.83,0.01,1450054997
65473500,BTC-E,btc_usd,btc_usd,bid,428.988,0.01,1450054989
65473499,BTC-E,btc_usd,btc_usd,bid,427.83,1.1421E-4,1450054976
65473498,BTC-E,btc_usd,btc_usd,ask,427.83,0.361886,1450054974
65473496,BTC-E,btc_usd,btc_usd,ask,427.56,1.32674,1450054969
65473495,BTC-E,btc_usd,btc_usd,ask,427.829,0.011042,1450054969
65473490,BTC-E,btc_usd,btc_usd,bid,428.22,0.0618858,1450054961
65473489,BTC-E,btc_usd,btc_usd,bid,428.03,0.246264,1450054961
65473488,BTC-E,btc_usd,btc_usd,bid,428.03,0.0537358,1450054960
65473487,BTC-E,btc_usd,btc_usd,bid,427.83,0.05,1450054960
65473486,BTC-E,btc_usd,btc_usd,bid,427.829,0.57996,1450054960
65473485,BTC-E,btc_usd,btc_usd,bid,427.581,0.146359,1450054960
65473484,BTC-E,btc_usd,btc_usd,ask,427.581,0.0110977,1450054955
65473483,BTC-E,btc_usd,btc_usd,ask,427.829,0.02004,1450054955
65473482,BTC-E,btc_usd,btc_usd,ask,427.56,0.0716477,1450054934
65473659,BTC-E,ltc_eur,ltc_eur,ask,3.26,0.5,1450056100
65473535,BTC-E,ltc_eur,ltc_eur,bid,3.299,1.0,1450055263
65473348,BTC-E,ltc_eur,ltc_eur,ask,3.289,65.0294,1450054483
65473347,BTC-E,ltc_eur,ltc_eur,bid,3.289,0.136,1450054483
65473346,BTC-E,ltc_eur,ltc_eur,bid,3.289,0.132,1450054483
65473252,BTC-E,ltc_eur,ltc_eur,bid,3.288,0.159,1450054096
65472787,BTC-E,ltc_eur,ltc_eur,bid,3.288,0.226846,1450053470
65472586,BTC-E,ltc_eur,ltc_eur,ask,3.267,1.0,1450052720
65472450,BTC-E,ltc_eur,ltc_eur,bid,3.289,3.914,1450052117
65472381,BTC-E,ltc_eur,ltc_eur,ask,3.287,0.2111,1450051930
65472373,BTC-E,ltc_eur,ltc_eur,ask,3.287,0.1,1450051910
65472365,BTC-E,ltc_eur,ltc_eur,ask,3.277,0.0201937,1450051883
65472364,BTC-E,ltc_eur,ltc_eur,ask,3.28,0.11,1450051883
65472354,BTC-E,ltc_eur,ltc_eur,ask,3.287,0.129,1450051873
65472262,BTC-E,ltc_eur,ltc_eur,ask,3.287,0.1965,1450051836
65472168,BTC-E,ltc_eur,ltc_eur,ask,3.282,0.11,1450051692
65472167,BTC-E,ltc_eur,ltc_eur,ask,3.282,0.11,1450051692
65472014,BTC-E,ltc_eur,ltc_eur,ask,3.283,0.11,1450051564
65471668,BTC-E,ltc_eur,ltc_eur,ask,3.284,0.11,1450050990
65471590,BTC-E,ltc_eur,ltc_eur,ask,3.285,0.11,1450050863
65471555,BTC-E,ltc_eur,ltc_eur,ask,3.286,16.0,1450050813
65471554,BTC-E,ltc_eur,ltc_eur,ask,3.288,0.75,1450050812
65471553,BTC-E,ltc_eur,ltc_eur,ask,3.288,10.674,1450050812
65471405,BTC-E,ltc_eur,ltc_eur,bid,3.288,1.98112,1450050528
65471404,BTC-E,ltc_eur,ltc_eur,bid,3.288,2.4149,1450050528
65471337,BTC-E,ltc_eur,ltc_eur,bid,3.288,0.1841,1450050493
65471082,BTC-E,ltc_eur,ltc_eur,bid,3.288,0.1378,1450050084
65471080,BTC-E,ltc_eur,ltc_eur,ask,3.288,0.9887,1450050073
65470977,BTC-E,ltc_eur,ltc_eur,ask,3.288,0.273997,1450049818
65470737,BTC-E,ltc_eur,ltc_eur,bid,3.312,0.132,1450048897
65470531,BTC-E,ltc_eur,ltc_eur,bid,3.309,0.111922,1450048349
65470276,BTC-E,ltc_eur,ltc_eur,ask,3.287,24.4534,1450047208
65470152,BTC-E,ltc_eur,ltc_eur,bid,3.312,0.114923,1450046450
65469866,BTC-E,ltc_eur,ltc_eur,bid,3.326,0.964,1450045630
65469865,BTC-E,ltc_eur,ltc_eur,bid,3.326,0.246931,1450045630
65469410,BTC-E,ltc_eur,ltc_eur,bid,3.325,0.0951692,1450044274
65469409,BTC-E,ltc_eur,ltc_eur,bid,3.325,2.10079,1450044274
65469088,BTC-E,ltc_eur,ltc_eur,ask,3.288,0.11,1450043368
65468728,BTC-E,ltc_eur,ltc_eur,ask,3.29,0.11,1450042555
65467448,BTC-E,ltc_eur,ltc_eur,bid,3.301,21.8242,1450041431
65467446,BTC-E,ltc_eur,ltc_eur,ask,3.301,14.72,1450041428
65467249,BTC-E,ltc_eur,ltc_eur,bid,3.326,1.827,1450040973
65466626,BTC-E,ltc_eur,ltc_eur,bid,3.326,1.9478,1450039576
65465755,BTC-E,ltc_eur,ltc_eur,bid,3.326,0.820119,1450038345
65465386,BTC-E,ltc_eur,ltc_eur,bid,3.326,2.0,1450037351
65465190,BTC-E,ltc_eur,ltc_eur,ask,3.313,0.50446,1450036716
65464924,BTC-E,ltc_eur,ltc_eur,bid,3.325,1.92748,1450036216
65464503,BTC-E,ltc_eur,ltc_eur,bid,3.325,1.30441,1450035311
65464094,BTC-E,ltc_eur,ltc_eur,bid,3.323,1.40823,1450034138
65463731,BTC-E,ltc_eur,ltc_eur,bid,3.325,0.15043,1450033124
65463308,BTC-E,ltc_eur,ltc_eur,bid,3.325,1.52718,1450031830
65462971,BTC-E,ltc_eur,ltc_eur,ask,3.288,3.7038,1450030515
65462970,BTC-E,ltc_eur,ltc_eur,ask,3.289,2.105,1450030515
65462712,BTC-E,ltc_eur,ltc_eur,bid,3.322,1.29145,1450029801
65462212,BTC-E,ltc_eur,ltc_eur,bid,3.325,1.64204,1450028375
65462185,BTC-E,ltc_eur,ltc_eur,bid,3.325,7.1056,1450028304
65462167,BTC-E,ltc_eur,ltc_eur,ask,3.32,3.63117,1450028230
65462155,BTC-E,ltc_eur,ltc_eur,bid,3.32,0.223794,1450028202
65462104,BTC-E,ltc_eur,ltc_eur,bid,3.319,1.93214,1450028066
65462074,BTC-E,ltc_eur,ltc_eur,bid,3.319,5.83232,1450027960
65462057,BTC-E,ltc_eur,ltc_eur,bid,3.319,0.567496,1450027920
65461957,BTC-E,ltc_eur,ltc_eur,ask,3.275,2.19796,1450027804
65461935,BTC-E,ltc_eur,ltc_eur,ask,3.326,9.03981,1450027802
65461933,BTC-E,ltc_eur,ltc_eur,ask,3.326,0.960192,1450027802
65461569,BTC-E,ltc_eur,ltc_eur,bid,3.322,6.0,1450026753
65461126,BTC-E,ltc_eur,ltc_eur,bid,3.331,1.13325,1450025468
65460593,BTC-E,ltc_eur,ltc_eur,ask,3.28,0.260528,1450024263
65460260,BTC-E,ltc_eur,ltc_eur,bid,3.323,2.2546,1450023370
65459617,BTC-E,ltc_eur,ltc_eur,bid,3.302,1.694,1450021370
65458912,BTC-E,ltc_eur,ltc_eur,bid,3.335,0.995041,1450020406
65458911,BTC-E,ltc_eur,ltc_eur,bid,3.335,0.499,1450020406
65458910,BTC-E,ltc_eur,ltc_eur,bid,3.335,0.499,1450020406
65458374,BTC-E,ltc_eur,ltc_eur,ask,3.337,13.0164,1450019112
65458373,BTC-E,ltc_eur,ltc_eur,bid,3.336,1.58364,1450019111
65458338,BTC-E,ltc_eur,ltc_eur,bid,3.304,0.122,1450019050
65458225,BTC-E,ltc_eur,ltc_eur,bid,3.304,0.1811,1450018885
65458175,BTC-E,ltc_eur,ltc_eur,bid,3.333,0.499,1450018827
65457750,BTC-E,ltc_eur,ltc_eur,bid,3.303,0.1515,1450018574
65457234,BTC-E,ltc_eur,ltc_eur,ask,3.304,13.0163,1450018009
65457233,BTC-E,ltc_eur,ltc_eur,ask,3.304,1.24257,1450018009
65457232,BTC-E,ltc_eur,ltc_eur,bid,3.303,0.1011,1450018008
65457135,BTC-E,ltc_eur,ltc_eur,bid,3.305,0.499,1450017744
65456978,BTC-E,ltc_eur,ltc_eur,ask,3.304,0.607845,1450017498
65456969,BTC-E,ltc_eur,ltc_eur,ask,3.304,1.8933,1450017489
65456968,BTC-E,ltc_eur,ltc_eur,ask,3.304,1.95935,1450017488
65456966,BTC-E,ltc_eur,ltc_eur,ask,3.304,1.75995,1450017488
65456965,BTC-E,ltc_eur,ltc_eur,ask,3.304,1.9715,1450017487
65456960,BTC-E,ltc_eur,ltc_eur,ask,3.304,1.31204,1450017486
65456959,BTC-E,ltc_eur,ltc_eur,ask,3.304,1.13586,1450017485
65456958,BTC-E,ltc_eur,ltc_eur,ask,3.304,1.85229,1450017484
65456956,BTC-E,ltc_eur,ltc_eur,ask,3.304,1.31081,1450017483
65456933,BTC-E,ltc_eur,ltc_eur,bid,3.304,0.499,1450017480
65456932,BTC-E,ltc_eur,ltc_eur,bid,3.303,0.0680605,1450017480
65456923,BTC-E,ltc_eur,ltc_eur,ask,3.302,11.925,1450017468
65456922,BTC-E,ltc_eur,ltc_eur,ask,3.302,1.22503,1450017468
65456905,BTC-E,ltc_eur,ltc_eur,bid,3.301,1.0,1450017457
65456789,BTC-E,ltc_eur,ltc_eur,ask,3.302,1.05405,1450017382
65456788,BTC-E,ltc_eur,ltc_eur,ask,3.302,0.573868,1450017382
65456787,BTC-E,ltc_eur,ltc_eur,ask,3.302,1.19181,1450017381
65456786,BTC-E,ltc_eur,ltc_eur,ask,3.302,1.62157,1450017380
65456781,BTC-E,ltc_eur,ltc_eur,ask,3.302,1.22029,1450017380
65456780,BTC-E,ltc_eur,ltc_eur,ask,3.302,0.613899,1450017380
65456779,BTC-E,ltc_eur,ltc_eur,ask,3.302,1.71284,1450017380
65456776,BTC-E,ltc_eur,ltc_eur,ask,3.302,1.21848,1450017379
65456767,BTC-E,ltc_eur,ltc_eur,ask,3.302,1.22029,1450017379
65456765,BTC-E,ltc_eur,ltc_eur,bid,3.302,0.2373,1450017379
65456764,BTC-E,ltc_eur,ltc_eur,bid,3.302,0.499,1450017379
65456763,BTC-E,ltc_eur,ltc_eur,bid,3.301,3.34662,1450017379
65456751,BTC-E,ltc_eur,ltc_eur,ask,3.297,1.22035,1450017377
65456620,BTC-E,ltc_eur,ltc_eur,bid,3.301,13.9315,1450017361
65456619,BTC-E,ltc_eur,ltc_eur,bid,3.3,1.21852,1450017360
65456597,BTC-E,ltc_eur,ltc_eur,ask,3.29,7.47098,1450017340
65456592,BTC-E,ltc_eur,ltc_eur,ask,3.29,1.21852,1450017339
65456586,BTC-E,ltc_eur,ltc_eur,ask,3.29,1.21859,1450017339
65456577,BTC-E,ltc_eur,ltc_eur,ask,3.29,4.26191,1450017339
65456224,BTC-E,ltc_eur,ltc_eur,bid,3.303,1.94997,1450017236
65456223,BTC-E,ltc_eur,ltc_eur,bid,3.302,13.33,1450017236
65456210,BTC-E,ltc_eur,ltc_eur,ask,3.291,13.33,1450017233
65456209,BTC-E,ltc_eur,ltc_eur,ask,3.291,1.15997,1450017233
65455532,BTC-E,ltc_eur,ltc_eur,ask,3.261,0.306348,1450016626
65455101,BTC-E,ltc_eur,ltc_eur,bid,3.3,0.5,1450015283
65454827,BTC-E,ltc_eur,ltc_eur,bid,3.299,1.166,1450014478
65454486,BTC-E,ltc_eur,ltc_eur,bid,3.298,0.103531,1450013340
65454262,BTC-E,ltc_eur,ltc_eur,ask,3.262,1.94838,1450012580
65454004,BTC-E,ltc_eur,ltc_eur,ask,3.26,2.13899,1450011432
65453836,BTC-E,ltc_eur,ltc_eur,ask,3.278,13.5573,1450010606
65453835,BTC-E,ltc_eur,ltc_eur,ask,3.278,1.82269,1450010606
65453698,BTC-E,ltc_eur,ltc_eur,ask,3.294,159.89,1450009964
65453691,BTC-E,ltc_eur,ltc_eur,bid,3.294,0.11,1450009964
65453606,BTC-E,ltc_eur,ltc_eur,bid,3.292,0.77,1450009559
65453481,BTC-E,ltc_eur,ltc_eur,ask,3.25,2.02208,1450008658
65453073,BTC-E,ltc_eur,ltc_eur,bid,3.283,0.295351,1450007644
65452855,BTC-E,ltc_eur,ltc_eur,bid,3.291,1.73993,1450006777
65452540,BTC-E,ltc_eur,ltc_eur,bid,3.279,1.34848,1450005595
65452539,BTC-E,ltc_eur,ltc_eur,bid,3.279,0.105405,1450005595
65452344,BTC-E,ltc_eur,ltc_eur,bid,3.284,1.19064,1450004713
65452343,BTC-E,ltc_eur,ltc_eur,bid,3.284,0.77,1450004713
65452149,BTC-E,ltc_eur,ltc_eur,bid,3.283,1.92911,1450003402
65452045,BTC-E,ltc_eur,ltc_eur,bid,3.282,1.16575,1450002523
65452044,BTC-E,ltc_eur,ltc_eur,bid,3.282,0.77,1450002523
65451728,BTC-E,ltc_eur,ltc_eur,bid,3.25,0.278745,1450001280
65451704,BTC-E,ltc_eur,ltc_eur,bid,3.25,0.245908,1450001190
65451702,BTC-E,ltc_eur,ltc_eur,ask,3.25,0.184431,1450001188
65451524,BTC-E,ltc_eur,ltc_eur,bid,3.279,0.308,1450000338
65451318,BTC-E,ltc_eur,ltc_eur,bid,3.289,0.563044,1449999408
65451102,BTC-E,ltc_eur,ltc_eur,bid,3.29,0.351666,1449998192
65450706,BTC-E,ltc_eur,ltc_eur,ask,3.25,1.85932,1449997083
65450116,BTC-E,ltc_eur,ltc_eur,bid,3.281,0.186283,1449995998
65449969,BTC-E,ltc_eur,ltc_eur,ask,3.25,2.70386,1449995438
65449695,BTC-E,ltc_eur,ltc_eur,bid,3.297,0.917677,1449994915
65473578,BTC-E,ppc_btc,ppc_btc,bid,9.7E-4,0.557351,1450055498
65473577,BTC-E,ppc_btc,ppc_btc,bid,9.7E-4,1.03423,1450055498
65473576,BTC-E,ppc_btc,ppc_btc,bid,9.7E-4,0.1,1450055498
65473575,BTC-E,ppc_btc,ppc_btc,bid,9.7E-4,0.1,1450055498
65473574,BTC-E,ppc_btc,ppc_btc,bid,9.7E-4,0.711922,1450055498
65473573,BTC-E,ppc_btc,ppc_btc,bid,9.7E-4,0.103705,1450055498
65473330,BTC-E,ppc_btc,ppc_btc,bid,9.6E-4,7.85104,1450054223
65473326,BTC-E,ppc_btc,ppc_btc,bid,9.6E-4,1.0531,1450054194
65473314,BTC-E,ppc_btc,ppc_btc,ask,9.5E-4,210.517,1450054178
65473313,BTC-E,ppc_btc,ppc_btc,ask,9.5E-4,0.105163,1450054178
65473312,BTC-E,ppc_btc,ppc_btc,ask,9.5E-4,0.105163,1450054178
65473311,BTC-E,ppc_btc,ppc_btc,ask,9.5E-4,0.105205,1450054178
65473310,BTC-E,ppc_btc,ppc_btc,ask,9.5E-4,1.02746,1450054178
65473309,BTC-E,ppc_btc,ppc_btc,ask,9.5E-4,0.1002,1450054178
65473308,BTC-E,ppc_btc,ppc_btc,ask,9.5E-4,0.1002,1450054178
65473307,BTC-E,ppc_btc,ppc_btc,ask,9.5E-4,0.713349,1450054178
65473306,BTC-E,ppc_btc,ppc_btc,ask,9.5E-4,1.03423,1450054178
65473305,BTC-E,ppc_btc,ppc_btc,ask,9.5E-4,0.103917,1450054178
65473304,BTC-E,ppc_btc,ppc_btc,ask,9.5E-4,7.86678,1450054178
65473303,BTC-E,ppc_btc,ppc_btc,ask,9.5E-4,1.0531,1450054178
65473302,BTC-E,ppc_btc,ppc_btc,ask,9.6E-4,7.78608,1450054178
65473301,BTC-E,ppc_btc,ppc_btc,ask,9.6E-4,1.03889,1450054178
65473300,BTC-E,ppc_btc,ppc_btc,ask,9.6E-4,29.8021,1450054178
65472682,BTC-E,ppc_btc,ppc_btc,bid,9.7E-4,7.77008,1450053045
65472681,BTC-E,ppc_btc,ppc_btc,bid,9.7E-4,1.0323,1450053045
65472641,BTC-E,ppc_btc,ppc_btc,ask,9.6E-4,13.4429,1450052894
65472640,BTC-E,ppc_btc,ppc_btc,ask,9.6E-4,0.104067,1450052894
65472639,BTC-E,ppc_btc,ppc_btc,ask,9.6E-4,3.0,1450052894
65472638,BTC-E,ppc_btc,ppc_btc,ask,9.6E-4,1.03378,1450052894
65472637,BTC-E,ppc_btc,ppc_btc,ask,9.6E-4,0.103913,1450052894
65472636,BTC-E,ppc_btc,ppc_btc,ask,9.6E-4,63.76,1450052894
65472635,BTC-E,ppc_btc,ppc_btc,ask,9.6E-4,7.78566,1450052894
65472634,BTC-E,ppc_btc,ppc_btc,ask,9.6E-4,1.0323,1450052894
65472633,BTC-E,ppc_btc,ppc_btc,ask,9.7E-4,7.7056,1450052894
65472632,BTC-E,ppc_btc,ppc_btc,ask,9.7E-4,1.03175,1450052894
65472530,BTC-E,ppc_btc,ppc_btc,bid,9.8E-4,161.142,1450052486
65472529,BTC-E,ppc_btc,ppc_btc,bid,9.8E-4,7.68976,1450052486
65472528,BTC-E,ppc_btc,ppc_btc,bid,9.8E-4,3.0,1450052486
65472527,BTC-E,ppc_btc,ppc_btc,bid,9.8E-4,1.01675,1450052486
65472526,BTC-E,ppc_btc,ppc_btc,bid,9.8E-4,1.02532,1450052486
65472525,BTC-E,ppc_btc,ppc_btc,bid,9.8E-4,85.5333,1450052486
65472524,BTC-E,ppc_btc,ppc_btc,bid,9.8E-4,2.02122,1450052486
65472523,BTC-E,ppc_btc,ppc_btc,bid,9.8E-4,0.10371,1450052486
65472522,BTC-E,ppc_btc,ppc_btc,bid,9.8E-4,0.1,1450052486
65472521,BTC-E,ppc_btc,ppc_btc,bid,9.8E-4,0.350771,1450052486
65472222,BTC-E,ppc_btc,ppc_btc,ask,9.7E-4,86.0138,1450051809
65472203,BTC-E,ppc_btc,ppc_btc,bid,9.7E-4,1.09026,1450051793
65472178,BTC-E,ppc_btc,ppc_btc,bid,9.7E-4,6.67942,1450051726
65472177,BTC-E,ppc_btc,ppc_btc,bid,9.7E-4,1.02576,1450051726
65472145,BTC-E,ppc_btc,ppc_btc,ask,9.6E-4,164.647,1450051664
65472144,BTC-E,ppc_btc,ppc_btc,ask,9.6E-4,3.0,1450051664
65472143,BTC-E,ppc_btc,ppc_btc,ask,9.6E-4,1.01675,1450051664
65472142,BTC-E,ppc_btc,ppc_btc,ask,9.6E-4,7.78526,1450051664
65472141,BTC-E,ppc_btc,ppc_btc,ask,9.6E-4,1.02576,1450051664
65472140,BTC-E,ppc_btc,ppc_btc,ask,9.7E-4,1.02532,1450051664
65472139,BTC-E,ppc_btc,ppc_btc,ask,9.7E-4,21.4995,1450051664
65472092,BTC-E,ppc_btc,ppc_btc,bid,9.8E-4,0.361152,1450051567
65472091,BTC-E,ppc_btc,ppc_btc,bid,9.8E-4,0.1,1450051567
65472090,BTC-E,ppc_btc,ppc_btc,bid,9.8E-4,0.1,1450051567
65472089,BTC-E,ppc_btc,ppc_btc,bid,9.8E-4,0.1,1450051567
65472088,BTC-E,ppc_btc,ppc_btc,bid,9.8E-4,0.711922,1450051567
65472087,BTC-E,ppc_btc,ppc_btc,bid,9.8E-4,0.1,1450051567
65472086,BTC-E,ppc_btc,ppc_btc,bid,9.8E-4,0.711922,1450051567
65472084,BTC-E,ppc_btc,ppc_btc,bid,9.8E-4,0.1,1450051567
65472082,BTC-E,ppc_btc,ppc_btc,bid,9.8E-4,0.11,1450051567
65472080,BTC-E,ppc_btc,ppc_btc,bid,9.8E-4,0.11,1450051567
65472078,BTC-E,ppc_btc,ppc_btc,bid,9.8E-4,0.11,1450051567
65472076,BTC-E,ppc_btc,ppc_btc,bid,9.8E-4,0.11,1450051567
65472074,BTC-E,ppc_btc,ppc_btc,bid,9.8E-4,5.0,1450051567
65472072,BTC-E,ppc_btc,ppc_btc,bid,9.8E-4,3.0,1450051567
65472069,BTC-E,ppc_btc,ppc_btc,bid,9.8E-4,3.0,1450051567
65472067,BTC-E,ppc_btc,ppc_btc,bid,9.8E-4,1.01893,1450051567
65472065,BTC-E,ppc_btc,ppc_btc,bid,9.8E-4,1.0,1450051567
65472063,BTC-E,ppc_btc,ppc_btc,bid,9.8E-4,1.0,1450051567
65472061,BTC-E,ppc_btc,ppc_btc,bid,9.8E-4,7.89318,1450051567
65471698,BTC-E,ppc_btc,ppc_btc,ask,9.7E-4,5.82013,1450051244
65471328,BTC-E,ppc_btc,ppc_btc,ask,9.7E-4,96.821,1450050464
65471268,BTC-E,ppc_btc,ppc_btc,ask,9.7E-4,49.6069,1450050405
65471261,BTC-E,ppc_btc,ppc_btc,bid,9.7E-4,290.0,1450050394
65471260,BTC-E,ppc_btc,ppc_btc,bid,9.7E-4,60.1982,1450050394
65471258,BTC-E,ppc_btc,ppc_btc,bid,9.7E-4,3.82399,1450050394
65471179,BTC-E,ppc_btc,ppc_btc,bid,9.7E-4,0.156841,1450050302
65471178,BTC-E,ppc_btc,ppc_btc,bid,9.7E-4,1.56836,1450050302
65471174,BTC-E,ppc_btc,ppc_btc,bid,9.7E-4,0.737041,1450050301
65471173,BTC-E,ppc_btc,ppc_btc,bid,9.7E-4,0.858398,1450050301
65471171,BTC-E,ppc_btc,ppc_btc,bid,9.7E-4,0.149468,1450050300
65471170,BTC-E,ppc_btc,ppc_btc,bid,9.7E-4,0.475383,1450050300
65471169,BTC-E,ppc_btc,ppc_btc,bid,9.7E-4,1.01926,1450050300
65470636,BTC-E,ppc_btc,ppc_btc,ask,9.6E-4,7.78505,1450048542
65470635,BTC-E,ppc_btc,ppc_btc,ask,9.6E-4,0.129326,1450048542
65470628,BTC-E,ppc_btc,ppc_btc,ask,9.6E-4,0.889934,1450048500
65470526,BTC-E,ppc_btc,ppc_btc,ask,9.7E-4,1.0E-8,1450048334
65470520,BTC-E,ppc_btc,ppc_btc,ask,9.7E-4,40.0,1450048333
65470518,BTC-E,ppc_btc,ppc_btc,bid,9.7E-4,92.0297,1450048333
65470517,BTC-E,ppc_btc,ppc_btc,bid,9.7E-4,197.97,1450048333
65470481,BTC-E,ppc_btc,ppc_btc,bid,9.7E-4,92.0297,1450048029
65470480,BTC-E,ppc_btc,ppc_btc,bid,9.7E-4,0.104752,1450048029
65470479,BTC-E,ppc_btc,ppc_btc,bid,9.7E-4,7.83578,1450048029
65470478,BTC-E,ppc_btc,ppc_btc,bid,9.7E-4,1.0,1450048029
65470477,BTC-E,ppc_btc,ppc_btc,bid,9.7E-4,1.01697,1450048029
65470476,BTC-E,ppc_btc,ppc_btc,bid,9.7E-4,1.0128,1450048029
65470254,BTC-E,ppc_btc,ppc_btc,bid,9.6E-4,5.40098,1450047119
65470232,BTC-E,ppc_btc,ppc_btc,bid,9.6E-4,8.3729,1450047028
65470220,BTC-E,ppc_btc,ppc_btc,bid,9.6E-4,0.952572,1450046937
65470219,BTC-E,ppc_btc,ppc_btc,bid,9.6E-4,1.04631,1450046937
65470218,BTC-E,ppc_btc,ppc_btc,bid,9.6E-4,6.79599,1450046937
65470135,BTC-E,ppc_btc,ppc_btc,bid,9.5E-4,4.85E-6,1450046392
65470130,BTC-E,ppc_btc,ppc_btc,bid,9.5E-4,16.8064,1450046391
65470072,BTC-E,ppc_btc,ppc_btc,bid,9.5E-4,424.805,1450046285
65470057,BTC-E,ppc_btc,ppc_btc,bid,9.5E-4,232.514,1450046273
65469692,BTC-E,ppc_btc,ppc_btc,bid,9.5E-4,52.0811,1450045355
65469677,BTC-E,ppc_btc,ppc_btc,bid,9.5E-4,0.1002,1450045237
65469676,BTC-E,ppc_btc,ppc_btc,bid,9.5E-4,0.713349,1450045237
65469674,BTC-E,ppc_btc,ppc_btc,bid,9.5E-4,0.1002,1450045237
65469659,BTC-E,ppc_btc,ppc_btc,bid,9.5E-4,2000.0,1450045155
65469588,BTC-E,ppc_btc,ppc_btc,bid,9.5E-4,0.216475,1450044973
65469575,BTC-E,ppc_btc,ppc_btc,bid,9.5E-4,0.216475,1450044925
65469561,BTC-E,ppc_btc,ppc_btc,bid,9.5E-4,0.713349,1450044876
65469560,BTC-E,ppc_btc,ppc_btc,bid,9.5E-4,0.1002,1450044875
65469559,BTC-E,ppc_btc,ppc_btc,bid,9.5E-4,0.1002,1450044875
65469557,BTC-E,ppc_btc,ppc_btc,bid,9.5E-4,0.216475,1450044864
65469539,BTC-E,ppc_btc,ppc_btc,bid,9.5E-4,270.27,1450044802
65469415,BTC-E,ppc_btc,ppc_btc,ask,9.5E-4,1.04631,1450044320
65469403,BTC-E,ppc_btc,ppc_btc,ask,9.4E-4,0.757984,1450044255
65469402,BTC-E,ppc_btc,ppc_btc,ask,9.4E-4,0.572464,1450044255
65469399,BTC-E,ppc_btc,ppc_btc,bid,9.6E-4,1.05462,1450044242
65469398,BTC-E,ppc_btc,ppc_btc,bid,9.6E-4,1.03957,1450044242
65469369,BTC-E,ppc_btc,ppc_btc,bid,9.5E-4,49.4416,1450044131
65469268,BTC-E,ppc_btc,ppc_btc,bid,9.5E-4,3.82247,1450043975
65469218,BTC-E,ppc_btc,ppc_btc,ask,9.4E-4,0.5,1450043942
65469217,BTC-E,ppc_btc,ppc_btc,ask,9.4E-4,0.5,1450043939
65469213,BTC-E,ppc_btc,ppc_btc,ask,9.4E-4,0.5,1450043935
65469114,BTC-E,ppc_btc,ppc_btc,bid,9.5E-4,283.157,1450043493
65469012,BTC-E,ppc_btc,ppc_btc,bid,9.5E-4,0.649449,1450043101
65469009,BTC-E,ppc_btc,ppc_btc,bid,9.5E-4,0.643598,1450043100
65469006,BTC-E,ppc_btc,ppc_btc,bid,9.5E-4,0.585082,1450043100
65468933,BTC-E,ppc_btc,ppc_btc,bid,9.5E-4,11.6234,1450042994
65468918,BTC-E,ppc_btc,ppc_btc,bid,9.5E-4,19.2766,1450042943
65468905,BTC-E,ppc_btc,ppc_btc,bid,9.5E-4,19.38,1450042920
65468894,BTC-E,ppc_btc,ppc_btc,bid,9.5E-4,17.4012,1450042891
65468891,BTC-E,ppc_btc,ppc_btc,bid,9.5E-4,21.483,1450042890
65468887,BTC-E,ppc_btc,ppc_btc,bid,9.5E-4,406.664,1450042873
65468875,BTC-E,ppc_btc,ppc_btc,ask,9.5E-4,1156.05,1450042872
65468874,BTC-E,ppc_btc,ppc_btc,ask,9.5E-4,0.713349,1450042872
65468873,BTC-E,ppc_btc,ppc_btc,ask,9.5E-4,0.1002,1450042872
65468872,BTC-E,ppc_btc,ppc_btc,ask,9.5E-4,0.1002,1450042872
65468871,BTC-E,ppc_btc,ppc_btc,ask,9.5E-4,7.86635,1450042872
65468870,BTC-E,ppc_btc,ppc_btc,ask,9.5E-4,1.03957,1450042872
65468688,BTC-E,ppc_btc,ppc_btc,bid,9.6E-4,101.32,1450042519
65468687,BTC-E,ppc_btc,ppc_btc,bid,9.6E-4,5.00777,1450042519
65473799,BTC-E,ltc_usd,ltc_usd,ask,3.5,488.449,1450056566
65473798,BTC-E,ltc_usd,ltc_usd,ask,3.50076,5.00606,1450056566
65473797,BTC-E,ltc_usd,ltc_usd,ask,3.50076,0.115591,1450056566
65473796,BTC-E,ltc_usd,ltc_usd,ask,3.50076,19.3237,1450056566
65473795,BTC-E,ltc_usd,ltc_usd,ask,3.50076,24.7046,1450056566
65473794,BTC-E,ltc_usd,ltc_usd,ask,3.50164,0.112651,1450056566
65473793,BTC-E,ltc_usd,ltc_usd,ask,3.50174,0.102453,1450056566
65473792,BTC-E,ltc_usd,ltc_usd,ask,3.50217,0.112651,1450056566
65473791,BTC-E,ltc_usd,ltc_usd,ask,3.5023,0.112568,1450056566
65473790,BTC-E,ltc_usd,ltc_usd,ask,3.50238,0.224034,1450056566
65473789,BTC-E,ltc_usd,ltc_usd,ask,3.50238,0.223035,1450056566
65473788,BTC-E,ltc_usd,ltc_usd,ask,3.5025,0.102453,1450056566
65473787,BTC-E,ltc_usd,ltc_usd,ask,3.50271,0.112568,1450056566
65473786,BTC-E,ltc_usd,ltc_usd,ask,3.50276,0.112651,1450056566
65473785,BTC-E,ltc_usd,ltc_usd,ask,3.50281,0.115591,1450056566
65473784,BTC-E,ltc_usd,ltc_usd,ask,3.503,2.27946,1450056566
65473783,BTC-E,ltc_usd,ltc_usd,ask,3.50406,0.115591,1450056566
65473782,BTC-E,ltc_usd,ltc_usd,ask,3.50429,0.112568,1450056566
65473781,BTC-E,ltc_usd,ltc_usd,ask,3.50475,0.112651,1450056566
65473780,BTC-E,ltc_usd,ltc_usd,ask,3.50509,0.115591,1450056566
65473779,BTC-E,ltc_usd,ltc_usd,ask,3.50512,0.112568,1450056566
65473778,BTC-E,ltc_usd,ltc_usd,ask,3.50561,5.0,1450056566
65473777,BTC-E,ltc_usd,ltc_usd,ask,3.50561,16.8735,1450056566
65473776,BTC-E,ltc_usd,ltc_usd,ask,3.50561,1.0,1450056566
65473775,BTC-E,ltc_usd,ltc_usd,ask,3.50564,0.112651,1450056566
65473774,BTC-E,ltc_usd,ltc_usd,ask,3.50591,0.112568,1450056566
65473773,BTC-E,ltc_usd,ltc_usd,ask,3.50733,0.115591,1450056566
65473772,BTC-E,ltc_usd,ltc_usd,ask,3.50737,0.112568,1450056566
65473771,BTC-E,ltc_usd,ltc_usd,ask,3.508,0.115591,1450056566
65473770,BTC-E,ltc_usd,ltc_usd,ask,3.508,0.112568,1450056566
65473769,BTC-E,ltc_usd,ltc_usd,ask,3.50807,0.112568,1450056566
65473768,BTC-E,ltc_usd,ltc_usd,ask,3.50832,0.112568,1450056566
65473767,BTC-E,ltc_usd,ltc_usd,ask,3.50833,0.112568,1450056566
65473766,BTC-E,ltc_usd,ltc_usd,ask,3.50899,0.1046,1450056566
65473765,BTC-E,ltc_usd,ltc_usd,ask,3.50965,0.224034,1450056566
65473764,BTC-E,ltc_usd,ltc_usd,ask,3.51009,0.223035,1450056566
65473763,BTC-E,ltc_usd,ltc_usd,ask,3.51039,0.229038,1450056566
65473762,BTC-E,ltc_usd,ltc_usd,ask,3.51052,0.223035,1450056566
65473761,BTC-E,ltc_usd,ltc_usd,ask,3.51067,0.224034,1450056566
65473760,BTC-E,ltc_usd,ltc_usd,ask,3.51078,0.224034,1450056566
65473759,BTC-E,ltc_usd,ltc_usd,ask,3.51084,0.979048,1450056566
65473758,BTC-E,ltc_usd,ltc_usd,ask,3.51089,0.223035,1450056566
65473757,BTC-E,ltc_usd,ltc_usd,ask,3.51091,0.224034,1450056566
65473750,BTC-E,ltc_usd,ltc_usd,bid,3.51098,1027.72,1450056524
65473742,BTC-E,ltc_usd,ltc_usd,bid,3.51098,250.443,1450056478
65473734,BTC-E,ltc_usd,ltc_usd,bid,3.51098,466.994,1450056463
65473727,BTC-E,ltc_usd,ltc_usd,bid,3.51098,22.6128,1450056398
65473715,BTC-E,ltc_usd,ltc_usd,bid,3.51098,296.098,1450056365
65473671,BTC-E,ltc_usd,ltc_usd,bid,3.51098,50.612,1450056318
65473669,BTC-E,ltc_usd,ltc_usd,bid,3.51098,50.612,1450056313
65473667,BTC-E,ltc_usd,ltc_usd,bid,3.51098,2.36892,1450056244
65473666,BTC-E,ltc_usd,ltc_usd,bid,3.51098,5.0,1450056220
65473664,BTC-E,ltc_usd,ltc_usd,bid,3.51098,0.292,1450056178
65473661,BTC-E,ltc_usd,ltc_usd,bid,3.51098,289.924,1450056138
65473655,BTC-E,ltc_usd,ltc_usd,bid,3.51098,113.253,1450056048
65473647,BTC-E,ltc_usd,ltc_usd,bid,3.51098,1.17932,1450056040
65473627,BTC-E,ltc_usd,ltc_usd,bid,3.51098,38.6549,1450055955
65473623,BTC-E,ltc_usd,ltc_usd,bid,3.51098,1.22228,1450055914
65473618,BTC-E,ltc_usd,ltc_usd,bid,3.51098,1.22228,1450055913
65473616,BTC-E,ltc_usd,ltc_usd,bid,3.51098,2.17566,1450055893
65473607,BTC-E,ltc_usd,ltc_usd,bid,3.51098,2.08624,1450055818
65473604,BTC-E,ltc_usd,ltc_usd,bid,3.51098,416.485,1450055744
65473602,BTC-E,ltc_usd,ltc_usd,bid,3.51098,2.47365,1450055743
65473594,BTC-E,ltc_usd,ltc_usd,bid,3.51096,0.112035,1450055708
65473580,BTC-E,ltc_usd,ltc_usd,bid,3.51098,1.23179,1450055567
65473570,BTC-E,ltc_usd,ltc_usd,bid,3.51098,1.97768,1450055495
65473567,BTC-E,ltc_usd,ltc_usd,bid,3.51098,1.70573,1450055421
65473553,BTC-E,ltc_usd,ltc_usd,bid,3.51098,12.0992,1450055369
65473550,BTC-E,ltc_usd,ltc_usd,bid,3.51098,50.654,1450055365
65473546,BTC-E,ltc_usd,ltc_usd,bid,3.51098,2.0,1450055305
65473540,BTC-E,ltc_usd,ltc_usd,bid,3.51098,0.462918,1450055263
65473539,BTC-E,ltc_usd,ltc_usd,bid,3.51095,0.426048,1450055263
65473537,BTC-E,ltc_usd,ltc_usd,bid,3.51095,0.112035,1450055263
65473501,BTC-E,ltc_usd,ltc_usd,bid,3.51098,1.22063,1450054989
65473481,BTC-E,ltc_usd,ltc_usd,bid,3.51098,0.1,1450054934
65473471,BTC-E,ltc_usd,ltc_usd,bid,3.51098,332.576,1450054929
65473448,BTC-E,ltc_usd,ltc_usd,bid,3.51098,50.569,1450054923
65473447,BTC-E,ltc_usd,ltc_usd,bid,3.51098,50.569,1450054917
65473445,BTC-E,ltc_usd,ltc_usd,bid,3.51098,50.548,1450054912
65473431,BTC-E,ltc_usd,ltc_usd,bid,3.51098,50.548,1450054892
65473429,BTC-E,ltc_usd,ltc_usd,bid,3.51098,50.548,1450054885
65473425,BTC-E,ltc_usd,ltc_usd,bid,3.51098,1.00201,1450054830
65473424,BTC-E,ltc_usd,ltc_usd,bid,3.51098,20.0,1450054809
65473422,BTC-E,ltc_usd,ltc_usd,bid,3.51098,94.9403,1450054806
65473421,BTC-E,ltc_usd,ltc_usd,bid,3.51098,18.242,1450054802
65473419,BTC-E,ltc_usd,ltc_usd,bid,3.51098,28.892,1450054796
65473414,BTC-E,ltc_usd,ltc_usd,bid,3.51098,50.569,1450054776
65473412,BTC-E,ltc_usd,ltc_usd,bid,3.51098,50.569,1450054770
65473401,BTC-E,ltc_usd,ltc_usd,bid,3.51098,398.109,1450054694
65473356,BTC-E,ltc_usd,ltc_usd,bid,3.51098,50.59,1450054515
65473351,BTC-E,ltc_usd,ltc_usd,bid,3.51098,50.3629,1450054501
65473350,BTC-E,ltc_usd,ltc_usd,bid,3.51078,0.115038,1450054501
65473349,BTC-E,ltc_usd,ltc_usd,bid,3.51069,0.112035,1450054501
65473323,BTC-E,ltc_usd,ltc_usd,bid,3.51098,50.569,1450054179
65473293,BTC-E,ltc_usd,ltc_usd,bid,3.51098,50.548,1450054159
65473288,BTC-E,ltc_usd,ltc_usd,bid,3.51098,50.526,1450054121
65473282,BTC-E,ltc_usd,ltc_usd,bid,3.51098,50.526,1450054115
65473279,BTC-E,ltc_usd,ltc_usd,ask,3.50561,13.1265,1450054110
65473278,BTC-E,ltc_usd,ltc_usd,ask,3.50659,0.229038,1450054110
65473277,BTC-E,ltc_usd,ltc_usd,ask,3.50672,0.224034,1450054110
65473276,BTC-E,ltc_usd,ltc_usd,ask,3.50678,0.229038,1450054110
65473275,BTC-E,ltc_usd,ltc_usd,ask,3.50682,0.166076,1450054110
65473274,BTC-E,ltc_usd,ltc_usd,ask,3.50683,0.223035,1450054110
65473273,BTC-E,ltc_usd,ltc_usd,ask,3.50781,0.0453919,1450054110
65473272,BTC-E,ltc_usd,ltc_usd,ask,3.50811,0.224034,1450054110
65473271,BTC-E,ltc_usd,ltc_usd,ask,3.50906,0.1018,1450054110
65473270,BTC-E,ltc_usd,ltc_usd,ask,3.5097,0.229038,1450054110
65473269,BTC-E,ltc_usd,ltc_usd,ask,3.50984,0.223035,1450054110
65473268,BTC-E,ltc_usd,ltc_usd,ask,3.50994,0.1018,1450054110
65473267,BTC-E,ltc_usd,ltc_usd,ask,3.50994,0.1046,1450054110
65473266,BTC-E,ltc_usd,ltc_usd,ask,3.51017,0.229038,1450054110
65473265,BTC-E,ltc_usd,ltc_usd,ask,3.51017,0.224034,1450054110
65473264,BTC-E,ltc_usd,ltc_usd,ask,3.51044,0.1018,1450054110
65473263,BTC-E,ltc_usd,ltc_usd,ask,3.51079,0.223035,1450054110
65473262,BTC-E,ltc_usd,ltc_usd,ask,3.51085,0.1046,1450054110
65473261,BTC-E,ltc_usd,ltc_usd,ask,3.5109,0.1018,1450054110
65473260,BTC-E,ltc_usd,ltc_usd,ask,3.51092,0.224034,1450054110
65473259,BTC-E,ltc_usd,ltc_usd,ask,3.51092,0.229038,1450054110
65473258,BTC-E,ltc_usd,ltc_usd,bid,3.51098,2.785,1450054109
65473251,BTC-E,ltc_usd,ltc_usd,bid,3.51098,50.526,1450054089
65473249,BTC-E,ltc_usd,ltc_usd,bid,3.51098,11.0,1450054080
65473247,BTC-E,ltc_usd,ltc_usd,bid,3.51098,50.484,1450054075
65473245,BTC-E,ltc_usd,ltc_usd,bid,3.51098,50.484,1450054068
65473244,BTC-E,ltc_usd,ltc_usd,bid,3.51098,20.0,1450054065
65473239,BTC-E,ltc_usd,ltc_usd,bid,3.51098,1.34678,1450054058
65473237,BTC-E,ltc_usd,ltc_usd,bid,3.51098,146.233,1450054050
65473231,BTC-E,ltc_usd,ltc_usd,bid,3.51098,219.538,1450054048
65473229,BTC-E,ltc_usd,ltc_usd,bid,3.51098,13.6808,1450054044
65473227,BTC-E,ltc_usd,ltc_usd,bid,3.51098,211.714,1450054041
65473225,BTC-E,ltc_usd,ltc_usd,bid,3.51098,148.177,1450054040
65473221,BTC-E,ltc_usd,ltc_usd,bid,3.51098,156.836,1450054039
65473219,BTC-E,ltc_usd,ltc_usd,bid,3.51098,44.6067,1450054038
65473216,BTC-E,ltc_usd,ltc_usd,bid,3.51098,44.5856,1450054037
65473214,BTC-E,ltc_usd,ltc_usd,bid,3.51098,547.716,1450054037
65473212,BTC-E,ltc_usd,ltc_usd,bid,3.51098,200.967,1450054036
65473208,BTC-E,ltc_usd,ltc_usd,bid,3.51098,3.39756,1450054036
65473206,BTC-E,ltc_usd,ltc_usd,bid,3.51098,10.1927,1450054034
65473203,BTC-E,ltc_usd,ltc_usd,bid,3.51098,51.6937,1450054034
65473198,BTC-E,ltc_usd,ltc_usd,bid,3.51098,3.94645,1450054031
65473194,BTC-E,ltc_usd,ltc_usd,bid,3.51098,1976.67,1450054024
65473190,BTC-E,ltc_usd,ltc_usd,bid,3.51098,122.055,1450054016
65473188,BTC-E,ltc_usd,ltc_usd,bid,3.51098,325.893,1450054016
65473182,BTC-E,ltc_usd,ltc_usd,bid,3.51098,122.055,1450054015
65473181,BTC-E,ltc_usd,ltc_usd,bid,3.51098,50.484,1450054015
65473179,BTC-E,ltc_usd,ltc_usd,bid,3.51098,1555.0,1450054013
65473178,BTC-E,ltc_usd,ltc_usd,bid,3.51098,365.329,1450054011
65473174,BTC-E,ltc_usd,ltc_usd,bid,3.51098,200.809,1450054010
65473167,BTC-E,ltc_usd,ltc_usd,bid,3.51098,111.791,1450054010
65473165,BTC-E,ltc_usd,ltc_usd,bid,3.51098,50.463,1450054009
65473160,BTC-E,ltc_usd,ltc_usd,bid,3.51098,3.50716,1450054007
65473663,BTC-E,usd_rur,usd_rur,bid,69.998,10.8424,1450056168
65473443,BTC-E,usd_rur,usd_rur,bid,69.998,6.97945,1450054911
65473439,BTC-E,usd_rur,usd_rur,bid,69.998,4.29762,1450054910
65473344,BTC-E,usd_rur,usd_rur,ask,69.61,0.25341,1450054471
65472938,BTC-E,usd_rur,usd_rur,bid,69.998,291.075,1450053942
65472901,BTC-E,usd_rur,usd_rur,bid,69.99,8.15485,1450053884
65472896,BTC-E,usd_rur,usd_rur,bid,69.99,11.8052,1450053882
65472894,BTC-E,usd_rur,usd_rur,bid,69.99,7.02092,1450053882
65472888,BTC-E,usd_rur,usd_rur,bid,69.99,18.8261,1450053882
65472886,BTC-E,usd_rur,usd_rur,ask,69.61,0.509958,1450053881
65472829,BTC-E,usd_rur,usd_rur,ask,69.61,4.95208,1450053698
65472822,BTC-E,usd_rur,usd_rur,bid,69.9899,0.760746,1450053664
65472630,BTC-E,usd_rur,usd_rur,bid,69.62,10.65,1450052888
65472629,BTC-E,usd_rur,usd_rur,ask,69.62,20.0,1450052888
65472481,BTC-E,usd_rur,usd_rur,ask,69.61,15.2857,1450052351
65472135,BTC-E,usd_rur,usd_rur,ask,69.61,5.5801,1450051660
65471686,BTC-E,usd_rur,usd_rur,bid,69.6998,3.0075,1450051081
65471522,BTC-E,usd_rur,usd_rur,ask,69.61,1.60808,1450050729
65471096,BTC-E,usd_rur,usd_rur,bid,69.998,16.9917,1450050097
65471022,BTC-E,usd_rur,usd_rur,ask,69.61,5.28887,1450049981
65470752,BTC-E,usd_rur,usd_rur,ask,69.61,1.39464,1450049076
65470436,BTC-E,usd_rur,usd_rur,bid,69.978,5.0,1450047768
65470170,BTC-E,usd_rur,usd_rur,bid,69.98,1.39,1450046560
65469721,BTC-E,usd_rur,usd_rur,ask,69.61,0.428796,1450045532
65469315,BTC-E,usd_rur,usd_rur,bid,69.99,1.8,1450044043
65469194,BTC-E,usd_rur,usd_rur,bid,69.99,485.703,1450043794
65469193,BTC-E,usd_rur,usd_rur,bid,69.99,14.2969,1450043794
65469136,BTC-E,usd_rur,usd_rur,ask,69.61,8.79124,1450043511
65469089,BTC-E,usd_rur,usd_rur,ask,69.61,6.14437,1450043407
65468669,BTC-E,usd_rur,usd_rur,bid,69.998,0.00918853,1450042488
65468666,BTC-E,usd_rur,usd_rur,bid,69.61,4.29619,1450042488
65468161,BTC-E,usd_rur,usd_rur,bid,69.99,0.5459,1450041753
65468137,BTC-E,usd_rur,usd_rur,bid,69.998,373.309,1450041730
65468127,BTC-E,usd_rur,usd_rur,bid,69.998,34.5126,1450041729
65468058,BTC-E,usd_rur,usd_rur,bid,69.998,97.9703,1450041728
65467989,BTC-E,usd_rur,usd_rur,bid,69.998,92.1979,1450041726
65467988,BTC-E,usd_rur,usd_rur,bid,69.9921,0.2644,1450041726
65467987,BTC-E,usd_rur,usd_rur,bid,69.99,0.3783,1450041726
65467986,BTC-E,usd_rur,usd_rur,bid,69.99,22.9438,1450041726
65467957,BTC-E,usd_rur,usd_rur,bid,69.99,27.0562,1450041704
65467956,BTC-E,usd_rur,usd_rur,bid,69.99,99.0,1450041704
65467951,BTC-E,usd_rur,usd_rur,bid,69.98,45.0,1450041703
65467950,BTC-E,usd_rur,usd_rur,bid,69.9712,0.66,1450041703
65467949,BTC-E,usd_rur,usd_rur,bid,69.97,103.433,1450041703
65467947,BTC-E,usd_rur,usd_rur,bid,69.97,24.8677,1450041703
65467944,BTC-E,usd_rur,usd_rur,bid,69.97,0.723344,1450041702
65467943,BTC-E,usd_rur,usd_rur,bid,69.97,20.4296,1450041702
65467934,BTC-E,usd_rur,usd_rur,bid,69.97,79.5704,1450041685
65467933,BTC-E,usd_rur,usd_rur,bid,69.94,180.939,1450041685
65467929,BTC-E,usd_rur,usd_rur,bid,69.94,137.553,1450041681
65467928,BTC-E,usd_rur,usd_rur,bid,69.94,235.8,1450041681
65467906,BTC-E,usd_rur,usd_rur,bid,69.94,56.1314,1450041677
65467905,BTC-E,usd_rur,usd_rur,bid,69.94,4.92055,1450041677
65467904,BTC-E,usd_rur,usd_rur,bid,69.935,1.79893,1450041677
65467902,BTC-E,usd_rur,usd_rur,bid,69.935,31.4511,1450041677
65467901,BTC-E,usd_rur,usd_rur,bid,69.93,228.343,1450041677
65467890,BTC-E,usd_rur,usd_rur,bid,69.93,0.557673,1450041668
65467882,BTC-E,usd_rur,usd_rur,bid,69.93,201.898,1450041652
65467881,BTC-E,usd_rur,usd_rur,bid,69.92,64.0367,1450041652
65467747,BTC-E,usd_rur,usd_rur,bid,69.92,85.9633,1450041608
65467746,BTC-E,usd_rur,usd_rur,bid,69.919,150.0,1450041608
65467745,BTC-E,usd_rur,usd_rur,bid,69.91,50.0,1450041608
65467744,BTC-E,usd_rur,usd_rur,bid,69.9,10.0,1450041608
65467743,BTC-E,usd_rur,usd_rur,bid,69.9,100.0,1450041608
65467742,BTC-E,usd_rur,usd_rur,bid,69.9,34.0367,1450041608
65467728,BTC-E,usd_rur,usd_rur,bid,69.8,10.0,1450041596
65467441,BTC-E,usd_rur,usd_rur,ask,69.61,5.22688,1450041410
65466981,BTC-E,usd_rur,usd_rur,ask,69.61,33.575,1450040347
65466767,BTC-E,usd_rur,usd_rur,ask,69.61,78.2643,1450039872
65466739,BTC-E,usd_rur,usd_rur,bid,69.61,44.1537,1450039778
65466738,BTC-E,usd_rur,usd_rur,ask,69.61,3.47666,1450039777
65466240,BTC-E,usd_rur,usd_rur,bid,69.89,30.2516,1450039355
65466239,BTC-E,usd_rur,usd_rur,bid,69.8,8.20654,1450039355
65465923,BTC-E,usd_rur,usd_rur,ask,69.61,48.0,1450038753
65465914,BTC-E,usd_rur,usd_rur,ask,69.61,1.23069,1450038720
65465538,BTC-E,usd_rur,usd_rur,ask,69.61,3.55993,1450037917
65465468,BTC-E,usd_rur,usd_rur,ask,69.6,34.6682,1450037637
65465287,BTC-E,usd_rur,usd_rur,bid,69.6359,11.6751,1450036882
65465126,BTC-E,usd_rur,usd_rur,bid,69.8,2.80824,1450036612
65465083,BTC-E,usd_rur,usd_rur,bid,69.8,2.195,1450036551
65464984,BTC-E,usd_rur,usd_rur,bid,69.8,126.205,1450036387
65464705,BTC-E,usd_rur,usd_rur,ask,69.6359,44.816,1450036092
65464669,BTC-E,usd_rur,usd_rur,ask,69.6359,31.4467,1450035954
65464668,BTC-E,usd_rur,usd_rur,ask,69.6359,249.269,1450035953
65464661,BTC-E,usd_rur,usd_rur,bid,69.9,2.16737,1450035935
65464634,BTC-E,usd_rur,usd_rur,ask,69.6359,5.0583,1450035856
65464598,BTC-E,usd_rur,usd_rur,ask,69.8,37.4272,1450035774
65464597,BTC-E,usd_rur,usd_rur,bid,69.8,3.29324,1450035771
65464567,BTC-E,usd_rur,usd_rur,ask,69.6359,47.4656,1450035573
65464557,BTC-E,usd_rur,usd_rur,ask,69.8,0.885938,1450035556
65464556,BTC-E,usd_rur,usd_rur,ask,69.8,3.29324,1450035555
65464554,BTC-E,usd_rur,usd_rur,bid,69.8,0.935346,1450035541
65464552,BTC-E,usd_rur,usd_rur,bid,69.8,1.09465,1450035526
65464286,BTC-E,usd_rur,usd_rur,ask,69.635,402.528,1450034865
65464284,BTC-E,usd_rur,usd_rur,ask,69.64,30.0,1450034865
65464224,BTC-E,usd_rur,usd_rur,ask,69.636,43.2283,1450034530
65464174,BTC-E,usd_rur,usd_rur,bid,69.636,59.3221,1450034265
65464050,BTC-E,usd_rur,usd_rur,ask,69.636,1.47787,1450033981
65464011,BTC-E,usd_rur,usd_rur,ask,69.635,35.6411,1450033704
65463968,BTC-E,usd_rur,usd_rur,ask,69.635,102.0,1450033582
65463815,BTC-E,usd_rur,usd_rur,ask,69.63,133.0,1450033302
65463737,BTC-E,usd_rur,usd_rur,ask,69.625,0.334,1450033128
65463422,BTC-E,usd_rur,usd_rur,ask,69.62,0.498123,1450032217
65463385,BTC-E,usd_rur,usd_rur,ask,69.645,257.694,1450032042
65463383,BTC-E,usd_rur,usd_rur,ask,69.65,25.7003,1450032042
65463311,BTC-E,usd_rur,usd_rur,bid,69.9,10.0,1450031852
65463309,BTC-E,usd_rur,usd_rur,bid,69.9,0.1,1450031848
65463282,BTC-E,usd_rur,usd_rur,ask,69.65,2.44323,1450031742
65463085,BTC-E,usd_rur,usd_rur,ask,69.64,1.0,1450031042
65463071,BTC-E,usd_rur,usd_rur,ask,69.64,0.1,1450031015
65463052,BTC-E,usd_rur,usd_rur,ask,69.649,86.4628,1450030904
65463030,BTC-E,usd_rur,usd_rur,ask,69.649,0.1,1450030846
65462899,BTC-E,usd_rur,usd_rur,ask,69.62,8.64268,1450030182
65462835,BTC-E,usd_rur,usd_rur,ask,69.62,135.001,1450030007
65462780,BTC-E,usd_rur,usd_rur,ask,69.65,5.50355,1450029940
65462666,BTC-E,usd_rur,usd_rur,ask,69.62,0.5,1450029680
65462397,BTC-E,usd_rur,usd_rur,bid,69.9,105.863,1450028904
65462396,BTC-E,usd_rur,usd_rur,bid,69.9,32.1367,1450028904
65462357,BTC-E,usd_rur,usd_rur,bid,69.9,48.3835,1450028798
65462312,BTC-E,usd_rur,usd_rur,bid,69.9,0.7,1450028646
65462216,BTC-E,usd_rur,usd_rur,ask,69.62,1.0,1450028382
65462207,BTC-E,usd_rur,usd_rur,bid,69.9,0.5,1450028359
65462206,BTC-E,usd_rur,usd_rur,bid,69.89,16.5,1450028359
65462163,BTC-E,usd_rur,usd_rur,bid,69.89,3.5,1450028212
65462001,BTC-E,usd_rur,usd_rur,ask,69.62,5.37,1450027829
65461918,BTC-E,usd_rur,usd_rur,bid,69.89,10.1805,1450027780
65461810,BTC-E,usd_rur,usd_rur,ask,69.6,44.3151,1450027650
65461774,BTC-E,usd_rur,usd_rur,ask,69.592,4.76541,1450027509
65461418,BTC-E,usd_rur,usd_rur,ask,69.595,6.51318,1450026468
65461362,BTC-E,usd_rur,usd_rur,ask,69.8841,0.01,1450026305
65461361,BTC-E,usd_rur,usd_rur,bid,69.8841,0.11,1450026305
65461344,BTC-E,usd_rur,usd_rur,ask,69.594,14.6268,1450026209
65461185,BTC-E,usd_rur,usd_rur,ask,69.599,107.812,1450025614
65461123,BTC-E,usd_rur,usd_rur,ask,69.6,9.41669,1450025452
65461007,BTC-E,usd_rur,usd_rur,ask,69.6,21.556,1450025304
65460913,BTC-E,usd_rur,usd_rur,ask,69.599,0.672089,1450025072
65460668,BTC-E,usd_rur,usd_rur,bid,69.89,0.822086,1450024508
65460654,BTC-E,usd_rur,usd_rur,ask,69.61,10.6102,1450024477
65460621,BTC-E,usd_rur,usd_rur,ask,69.59,160.0,1450024339
65460614,BTC-E,usd_rur,usd_rur,bid,69.89,9.51,1450024329
65460611,BTC-E,usd_rur,usd_rur,ask,69.59,211.308,1450024316
65460526,BTC-E,usd_rur,usd_rur,ask,69.59,12.935,1450024161
65460446,BTC-E,usd_rur,usd_rur,ask,69.59,1.45233,1450024045
65460443,BTC-E,usd_rur,usd_rur,ask,69.59,4.78001,1450024045
65460408,BTC-E,usd_rur,usd_rur,bid,69.9,140.215,1450023897
65460202,BTC-E,usd_rur,usd_rur,ask,69.59,3.67257,1450023160
65460190,BTC-E,usd_rur,usd_rur,ask,69.59,86.2225,1450023113
65460124,BTC-E,usd_rur,usd_rur,ask,69.59,9.97011,1450022894
65460098,BTC-E,usd_rur,usd_rur,ask,69.7,140.617,1450022773
65460095,BTC-E,usd_rur,usd_rur,ask,69.59,723.943,1450022759
65473822,BTC-E,ppc_usd,ppc_usd,bid,0.414,0.1,1450056596
65473821,BTC-E,ppc_usd,ppc_usd,bid,0.414,0.361564,1450056596
65473510,BTC-E,ppc_usd,ppc_usd,bid,0.414,7.79937,1450055055
65473324,BTC-E,ppc_usd,ppc_usd,bid,0.414,9.46307,1450054180
65473322,BTC-E,ppc_usd,ppc_usd,ask,0.41,101.197,1450054178
65473321,BTC-E,ppc_usd,ppc_usd,ask,0.41,0.526581,1450054178
65473320,BTC-E,ppc_usd,ppc_usd,ask,0.41,0.1003,1450054178
65473319,BTC-E,ppc_usd,ppc_usd,ask,0.41,17.66,1450054178
65473318,BTC-E,ppc_usd,ppc_usd,ask,0.41,20.0,1450054178
65473317,BTC-E,ppc_usd,ppc_usd,ask,0.411,30.8222,1450054178
65473316,BTC-E,ppc_usd,ppc_usd,ask,0.412,20.0,1450054178
65473315,BTC-E,ppc_usd,ppc_usd,ask,0.412,20.0,1450054178
65472612,BTC-E,ppc_usd,ppc_usd,ask,0.412,31.62,1450052844
65472611,BTC-E,ppc_usd,ppc_usd,ask,0.412,40.0,1450052844
65472536,BTC-E,ppc_usd,ppc_usd,bid,0.414,0.1,1450052517
65472535,BTC-E,ppc_usd,ppc_usd,bid,0.414,4.34541,1450052517
65472534,BTC-E,ppc_usd,ppc_usd,bid,0.414,6.87382,1450052517
65472532,BTC-E,ppc_usd,ppc_usd,bid,0.414,5.90477,1450052494
65472342,BTC-E,ppc_usd,ppc_usd,bid,0.414,0.5,1450051862
65472220,BTC-E,ppc_usd,ppc_usd,ask,0.41,1090.94,1450051809
65472219,BTC-E,ppc_usd,ppc_usd,ask,0.41,86.1862,1450051809
65472218,BTC-E,ppc_usd,ppc_usd,ask,0.41,270.0,1450051808
65472217,BTC-E,ppc_usd,ppc_usd,ask,0.41,0.1003,1450051808
65472216,BTC-E,ppc_usd,ppc_usd,ask,0.41,17.66,1450051808
65472215,BTC-E,ppc_usd,ppc_usd,ask,0.411,1.5,1450051808
65472214,BTC-E,ppc_usd,ppc_usd,ask,0.411,32.802,1450051808
65472213,BTC-E,ppc_usd,ppc_usd,ask,0.413,0.816,1450051808
65472154,BTC-E,ppc_usd,ppc_usd,ask,0.412,6.9928,1450051665
65472153,BTC-E,ppc_usd,ppc_usd,ask,0.412,40.0,1450051665
65472152,BTC-E,ppc_usd,ppc_usd,ask,0.412,20.0,1450051665
65472151,BTC-E,ppc_usd,ppc_usd,ask,0.412,40.0,1450051665
65472150,BTC-E,ppc_usd,ppc_usd,ask,0.412,40.0,1450051665
65472148,BTC-E,ppc_usd,ppc_usd,ask,0.414,17.49,1450051665
65472146,BTC-E,ppc_usd,ppc_usd,ask,0.418,5.27E-6,1450051665
65472059,BTC-E,ppc_usd,ppc_usd,ask,0.418,24.6125,1450051567
65471636,BTC-E,ppc_usd,ppc_usd,ask,0.418,5.71194,1450050957
65471593,BTC-E,ppc_usd,ppc_usd,ask,0.418,4.81953,1450050872
65471547,BTC-E,ppc_usd,ppc_usd,ask,0.418,6.22067,1450050787
65471534,BTC-E,ppc_usd,ppc_usd,ask,0.418,60.0,1450050775
65471518,BTC-E,ppc_usd,ppc_usd,ask,0.418,8.44929,1450050709
65471489,BTC-E,ppc_usd,ppc_usd,ask,0.418,0.5,1450050661
65471470,BTC-E,ppc_usd,ppc_usd,ask,0.418,4.89437,1450050629
65471442,BTC-E,ppc_usd,ppc_usd,ask,0.418,20.0,1450050610
65471440,BTC-E,ppc_usd,ppc_usd,ask,0.418,40.0,1450050607
65471437,BTC-E,ppc_usd,ppc_usd,ask,0.418,40.0,1450050604
65471434,BTC-E,ppc_usd,ppc_usd,bid,0.418,11.0017,1450050601
65471433,BTC-E,ppc_usd,ppc_usd,bid,0.418,15.79,1450050601
65471329,BTC-E,ppc_usd,ppc_usd,ask,0.416,96.7242,1450050464
65471313,BTC-E,ppc_usd,ppc_usd,ask,0.416,300.0,1450050460
65471259,BTC-E,ppc_usd,ppc_usd,ask,0.416,353.668,1450050394
65471180,BTC-E,ppc_usd,ppc_usd,ask,0.416,1.72175,1450050302
65471177,BTC-E,ppc_usd,ppc_usd,ask,0.416,0.64038,1450050302
65471176,BTC-E,ppc_usd,ppc_usd,ask,0.416,0.951868,1450050301
65471172,BTC-E,ppc_usd,ppc_usd,ask,0.416,1.64082,1450050300
65471088,BTC-E,ppc_usd,ppc_usd,bid,0.416,20.0,1450050087
65471087,BTC-E,ppc_usd,ppc_usd,bid,0.416,40.0,1450050087
65471086,BTC-E,ppc_usd,ppc_usd,bid,0.416,40.0,1450050087
65471085,BTC-E,ppc_usd,ppc_usd,bid,0.416,40.0,1450050087
65471084,BTC-E,ppc_usd,ppc_usd,bid,0.416,20.0,1450050087
65471083,BTC-E,ppc_usd,ppc_usd,bid,0.416,16.7896,1450050087
65470986,BTC-E,ppc_usd,ppc_usd,ask,0.411,7.09208,1450049858
65470790,BTC-E,ppc_usd,ppc_usd,ask,0.411,7.91028,1450049126
65470647,BTC-E,ppc_usd,ppc_usd,ask,0.411,12.0,1450048544
65470646,BTC-E,ppc_usd,ppc_usd,ask,0.411,0.629739,1450048544
65470645,BTC-E,ppc_usd,ppc_usd,ask,0.411,1.42128,1450048544
65470644,BTC-E,ppc_usd,ppc_usd,ask,0.411,1.42128,1450048543
65470643,BTC-E,ppc_usd,ppc_usd,ask,0.411,1.42128,1450048543
65470642,BTC-E,ppc_usd,ppc_usd,ask,0.411,1.42128,1450048543
65470641,BTC-E,ppc_usd,ppc_usd,ask,0.411,1.42128,1450048543
65470640,BTC-E,ppc_usd,ppc_usd,ask,0.411,1.42128,1450048542
65470639,BTC-E,ppc_usd,ppc_usd,ask,0.411,1.42128,1450048542
65470638,BTC-E,ppc_usd,ppc_usd,ask,0.411,1.42128,1450048542
65470637,BTC-E,ppc_usd,ppc_usd,ask,0.411,3.19569,1450048542
65470529,BTC-E,ppc_usd,ppc_usd,bid,0.414,0.1,1450048334
65470528,BTC-E,ppc_usd,ppc_usd,bid,0.414,17.624,1450048334
65470527,BTC-E,ppc_usd,ppc_usd,bid,0.414,110.218,1450048334
65470525,BTC-E,ppc_usd,ppc_usd,bid,0.414,36.0721,1450048334
