Id,Provenance,Exchange,Symbol_Pair,Type,Price,Volume,Timestamp
489694-BTCUSD,BITFINEX,BTCUSD,BTCUSD,Buy,396.25,25.0,1449544579
489693-BTCUSD,BITFINEX,BTCUSD,BTCUSD,Buy,396.25,0.56769459,1449544579
489692-BTCUSD,BITFINEX,BTCUSD,BTCUSD,Buy,396.24,0.05680541,1449544579
489691-BTCUSD,BITFINEX,BTCUSD,BTCUSD,Buy,396.24,0.13319459,1449544579
489690-BTCUSD,BITFINEX,BTCUSD,BTCUSD,Buy,396.17,0.14741007,1449544579
489689-BTCUSD,BITFINEX,BTCUSD,BTCUSD,Buy,396.17,0.37579534,1449544579
489688-BTCUSD,BITFINEX,BTCUSD,BTCUSD,Buy,396.17,0.11620466,1449544573
489687-BTCUSD,BITFINEX,BTCUSD,BTCUSD,Buy,395.93,0.07379534,1449544573
489686-BTCUSD,BITFINEX,BTCUSD,BTCUSD,Buy,396.24,3.1485222,1449544560
489685-BTCUSD,BITFINEX,BTCUSD,BTCUSD,Buy,396.0,2.468,1449544560
489684-BTCUSD,BITFINEX,BTCUSD,BTCUSD,Buy,395.82,0.07381501,1449544560
489683-BTCUSD,BITFINEX,BTCUSD,BTCUSD,Buy,395.82,1.05,1449544560
489682-BTCUSD,BITFINEX,BTCUSD,BTCUSD,Buy,395.33,0.5827775,1449544510
489681-BTCUSD,BITFINEX,BTCUSD,BTCUSD,Buy,395.33,0.1,1449544503
489680-BTCUSD,BITFINEX,BTCUSD,BTCUSD,Buy,395.33,0.12676339,1449544494
489679-BTCUSD,BITFINEX,BTCUSD,BTCUSD,Buy,395.3,12.19788529,1449544411
489678-BTCUSD,BITFINEX,BTCUSD,BTCUSD,Sell,395.21,0.19,1449544393
489677-BTCUSD,BITFINEX,BTCUSD,BTCUSD,Buy,395.07,0.479,1449544377
489676-BTCUSD,BITFINEX,BTCUSD,BTCUSD,Buy,395.07,0.014,1449544355
489675-BTCUSD,BITFINEX,BTCUSD,BTCUSD,Buy,394.99,0.494,1449544319
489674-BTCUSD,BITFINEX,BTCUSD,BTCUSD,Buy,394.91,1.0,1449544319
489673-BTCUSD,BITFINEX,BTCUSD,BTCUSD,Buy,394.9,5.8453,1449544319
489672-BTCUSD,BITFINEX,BTCUSD,BTCUSD,Buy,394.9,0.5,1449544262
489671-BTCUSD,BITFINEX,BTCUSD,BTCUSD,Buy,394.04,0.01,1449544241
489670-BTCUSD,BITFINEX,BTCUSD,BTCUSD,Buy,394.04,5.0,1449544221
66588-LTCUSD,BITFINEX,LTCUSD,LTCUSD,Buy,3.671,581.18368754,1449544493
66587-LTCUSD,BITFINEX,LTCUSD,LTCUSD,Buy,3.67,3.2,1449544493
66586-LTCUSD,BITFINEX,LTCUSD,LTCUSD,Buy,3.6699,13.66891046,1449544493
66585-LTCUSD,BITFINEX,LTCUSD,LTCUSD,Buy,3.6698,80.0,1449544493
66584-LTCUSD,BITFINEX,LTCUSD,LTCUSD,Buy,3.665,3.2,1449544493
66583-LTCUSD,BITFINEX,LTCUSD,LTCUSD,Buy,3.66,3.2,1449544493
66582-LTCUSD,BITFINEX,LTCUSD,LTCUSD,Buy,3.655,3.2,1449544493
66581-LTCUSD,BITFINEX,LTCUSD,LTCUSD,Buy,3.65,3.2,1449544493
66580-LTCUSD,BITFINEX,LTCUSD,LTCUSD,Buy,3.6498,7.427402,1449544493
66579-LTCUSD,BITFINEX,LTCUSD,LTCUSD,Buy,3.6476,1.72,1449544493
66578-LTCUSD,BITFINEX,LTCUSD,LTCUSD,Sell,3.6301,57.4837,1449544136
66577-LTCUSD,BITFINEX,LTCUSD,LTCUSD,Sell,3.6301,10.8247,1449544114
66576-LTCUSD,BITFINEX,LTCUSD,LTCUSD,Buy,3.6362,0.5163,1449544107
66575-LTCUSD,BITFINEX,LTCUSD,LTCUSD,Sell,3.6301,19.96164879,1449544058
66574-LTCUSD,BITFINEX,LTCUSD,LTCUSD,Sell,3.6301,50.0,1449544051
66573-LTCUSD,BITFINEX,LTCUSD,LTCUSD,Sell,3.6301,20.0,1449544030
66572-LTCUSD,BITFINEX,LTCUSD,LTCUSD,Sell,3.6301,1.94,1449544026
66571-LTCUSD,BITFINEX,LTCUSD,LTCUSD,Sell,3.6301,2.5,1449543967
66570-LTCUSD,BITFINEX,LTCUSD,LTCUSD,Buy,3.6493,6.7028,1449543253
66569-LTCUSD,BITFINEX,LTCUSD,LTCUSD,Sell,3.6369,0.0053,1449542413
66568-LTCUSD,BITFINEX,LTCUSD,LTCUSD,Sell,3.6369,16.67,1449542383
66567-LTCUSD,BITFINEX,LTCUSD,LTCUSD,Buy,3.6493,0.9,1449541219
66566-LTCUSD,BITFINEX,LTCUSD,LTCUSD,Buy,3.6488,0.1,1449541080
66565-LTCUSD,BITFINEX,LTCUSD,LTCUSD,Sell,3.6274,286.71358736,1449540635
66564-LTCUSD,BITFINEX,LTCUSD,LTCUSD,Sell,3.6286,58.0,1449540635
35121-LTCBTC,BITFINEX,LTCBTC,LTCBTC,Buy,0.009205,13.69630307,1449544497
35120-LTCBTC,BITFINEX,LTCBTC,LTCBTC,Buy,0.009205,13.69630307,1449544494
35119-LTCBTC,BITFINEX,LTCBTC,LTCBTC,Sell,0.009181,16.26712793,1449544221
35118-LTCBTC,BITFINEX,LTCBTC,LTCBTC,Sell,0.00918,7.428116,1449544190
35117-LTCBTC,BITFINEX,LTCBTC,LTCBTC,Sell,0.009181,6.0,1449544190
35116-LTCBTC,BITFINEX,LTCBTC,LTCBTC,Sell,0.009181,5.0,1449544190
35115-LTCBTC,BITFINEX,LTCBTC,LTCBTC,Sell,0.009191,2.52730051,1449544190
35114-LTCBTC,BITFINEX,LTCBTC,LTCBTC,Sell,0.009191,15.44487207,1449544183
35113-LTCBTC,BITFINEX,LTCBTC,LTCBTC,Sell,0.009192,16.26712793,1449544183
35112-LTCBTC,BITFINEX,LTCBTC,LTCBTC,Sell,0.009191,31.712,1449544177
35111-LTCBTC,BITFINEX,LTCBTC,LTCBTC,Sell,0.009191,15.44487207,1449544171
35110-LTCBTC,BITFINEX,LTCBTC,LTCBTC,Sell,0.009192,16.26712793,1449544171
35109-LTCBTC,BITFINEX,LTCBTC,LTCBTC,Sell,0.009191,31.712,1449544163
35108-LTCBTC,BITFINEX,LTCBTC,LTCBTC,Sell,0.009191,15.44487207,1449544156
35107-LTCBTC,BITFINEX,LTCBTC,LTCBTC,Sell,0.009192,16.26712793,1449544156
35106-LTCBTC,BITFINEX,LTCBTC,LTCBTC,Sell,0.009191,15.41887207,1449544096
35105-LTCBTC,BITFINEX,LTCBTC,LTCBTC,Sell,0.009192,16.26712793,1449544096
35104-LTCBTC,BITFINEX,LTCBTC,LTCBTC,Sell,0.009191,16.32031,1449542469
35103-LTCBTC,BITFINEX,LTCBTC,LTCBTC,Sell,0.009191,12.87,1449542469
35102-LTCBTC,BITFINEX,LTCBTC,LTCBTC,Sell,0.009191,36.926,1449542458
35101-LTCBTC,BITFINEX,LTCBTC,LTCBTC,Sell,0.009191,16.32031,1449542446
35100-LTCBTC,BITFINEX,LTCBTC,LTCBTC,Sell,0.009191,16.31986,1449542036
35099-LTCBTC,BITFINEX,LTCBTC,LTCBTC,Sell,0.009191,14.25009,1449541914
35098-LTCBTC,BITFINEX,LTCBTC,LTCBTC,Sell,0.009192,2.07,1449541914
35097-LTCBTC,BITFINEX,LTCBTC,LTCBTC,Sell,0.009191,23.01,1449541711
65193123,BTC-E,btc_eur,btc_eur,ask,362.483,0.0106977,1449543887
65193021,BTC-E,btc_eur,btc_eur,ask,364.756,0.00397384,1449543338
65193017,BTC-E,btc_eur,btc_eur,ask,364.756,0.0170792,1449543272
65193006,BTC-E,btc_eur,btc_eur,bid,365.929,0.0209897,1449543201
65192811,BTC-E,btc_eur,btc_eur,bid,364.49,0.01479,1449542179
65192513,BTC-E,btc_eur,btc_eur,bid,364.49,0.0319135,1449541710
65192306,BTC-E,btc_eur,btc_eur,bid,364.49,0.0176425,1449540611
65192301,BTC-E,btc_eur,btc_eur,bid,364.49,0.0153977,1449540445
65192169,BTC-E,btc_eur,btc_eur,bid,364.49,0.0202563,1449539870
65192012,BTC-E,btc_eur,btc_eur,ask,363.0,0.01003,1449539102
65192011,BTC-E,btc_eur,btc_eur,ask,363.0,0.00979524,1449539102
65191631,BTC-E,btc_eur,btc_eur,ask,363.0,0.0191631,1449537916
65191630,BTC-E,btc_eur,btc_eur,ask,363.846,0.147505,1449537915
65191221,BTC-E,btc_eur,btc_eur,ask,363.846,0.0180235,1449537272
65190925,BTC-E,btc_eur,btc_eur,bid,366.546,0.0230554,1449536345
65190779,BTC-E,btc_eur,btc_eur,bid,366.546,0.0323527,1449535564
65190567,BTC-E,btc_eur,btc_eur,bid,364.99,0.00167924,1449534683
65190563,BTC-E,btc_eur,btc_eur,bid,364.99,0.028381,1449534664
65190560,BTC-E,btc_eur,btc_eur,bid,364.99,0.0203715,1449534653
65190559,BTC-E,btc_eur,btc_eur,bid,364.99,0.0183751,1449534652
65190558,BTC-E,btc_eur,btc_eur,bid,364.99,0.0311931,1449534651
65190551,BTC-E,btc_eur,btc_eur,bid,364.99,0.0129242,1449534637
65190550,BTC-E,btc_eur,btc_eur,bid,364.99,0.0191071,1449534636
65190549,BTC-E,btc_eur,btc_eur,bid,364.99,0.0295062,1449534635
65190548,BTC-E,btc_eur,btc_eur,bid,364.99,0.016791,1449534635
65190534,BTC-E,btc_eur,btc_eur,bid,364.99,0.0216713,1449534590
65190529,BTC-E,btc_eur,btc_eur,bid,364.49,0.1,1449534564
65189987,BTC-E,btc_eur,btc_eur,bid,365.355,0.122326,1449533431
65189935,BTC-E,btc_eur,btc_eur,bid,365.355,0.0209584,1449533306
65189787,BTC-E,btc_eur,btc_eur,bid,365.355,0.0316978,1449532282
65189633,BTC-E,btc_eur,btc_eur,ask,363.846,0.01,1449531249
65189466,BTC-E,btc_eur,btc_eur,ask,364.182,0.175,1449530479
65189433,BTC-E,btc_eur,btc_eur,ask,364.633,0.010981,1449530382
65189407,BTC-E,btc_eur,btc_eur,ask,365.547,0.0193433,1449530283
65189326,BTC-E,btc_eur,btc_eur,ask,365.547,0.0174137,1449529929
65189307,BTC-E,btc_eur,btc_eur,ask,365.547,0.0102005,1449529859
65189286,BTC-E,btc_eur,btc_eur,ask,365.547,0.0157661,1449529793
65189240,BTC-E,btc_eur,btc_eur,ask,365.547,0.0163249,1449529728
65189224,BTC-E,btc_eur,btc_eur,ask,365.547,0.0117178,1449529663
65189204,BTC-E,btc_eur,btc_eur,ask,365.547,0.0105439,1449529623
65189180,BTC-E,btc_eur,btc_eur,ask,365.547,0.0210878,1449529576
65189179,BTC-E,btc_eur,btc_eur,ask,365.547,0.016708,1449529568
65189170,BTC-E,btc_eur,btc_eur,ask,365.547,0.02445,1449529524
65189166,BTC-E,btc_eur,btc_eur,ask,365.547,0.0119711,1449529504
65189109,BTC-E,btc_eur,btc_eur,bid,368.45,0.00174775,1449529461
65189108,BTC-E,btc_eur,btc_eur,bid,368.0,0.010106,1449529461
65189107,BTC-E,btc_eur,btc_eur,bid,367.783,0.025869,1449529461
65189106,BTC-E,btc_eur,btc_eur,bid,367.0,0.010105,1449529461
65189105,BTC-E,btc_eur,btc_eur,bid,367.0,0.059895,1449529461
65189104,BTC-E,btc_eur,btc_eur,bid,366.72,0.175,1449529461
65189103,BTC-E,btc_eur,btc_eur,bid,366.72,0.0672773,1449529461
65188962,BTC-E,btc_eur,btc_eur,ask,365.697,0.0114875,1449528768
65188960,BTC-E,btc_eur,btc_eur,ask,365.697,0.02445,1449528767
65188869,BTC-E,btc_eur,btc_eur,ask,365.697,0.0135909,1449528700
65188858,BTC-E,btc_eur,btc_eur,ask,365.697,0.0231868,1449528664
65188857,BTC-E,btc_eur,btc_eur,ask,365.697,0.02445,1449528655
65188853,BTC-E,btc_eur,btc_eur,ask,365.697,0.0155643,1449528630
65188851,BTC-E,btc_eur,btc_eur,ask,365.697,0.02445,1449528609
65188842,BTC-E,btc_eur,btc_eur,ask,365.697,0.0210389,1449528573
65188836,BTC-E,btc_eur,btc_eur,ask,365.697,0.0173075,1449528565
65188829,BTC-E,btc_eur,btc_eur,bid,367.0,0.131261,1449528548
65188828,BTC-E,btc_eur,btc_eur,bid,366.87,0.175,1449528548
65188827,BTC-E,btc_eur,btc_eur,bid,366.86,0.194173,1449528548
65188797,BTC-E,btc_eur,btc_eur,bid,366.88,3.41324,1449528392
65188796,BTC-E,btc_eur,btc_eur,bid,366.88,2.50111,1449528392
65188795,BTC-E,btc_eur,btc_eur,bid,366.0,0.01,1449528392
65188794,BTC-E,btc_eur,btc_eur,bid,365.019,0.175,1449528392
65188793,BTC-E,btc_eur,btc_eur,bid,365.0,0.010002,1449528392
65188564,BTC-E,btc_eur,btc_eur,ask,363.0,0.015355,1449528034
65188352,BTC-E,btc_eur,btc_eur,ask,363.0,0.00237842,1449527713
65188351,BTC-E,btc_eur,btc_eur,ask,363.0,0.0153894,1449527713
65188299,BTC-E,btc_eur,btc_eur,ask,363.0,0.00430821,1449527643
65188298,BTC-E,btc_eur,btc_eur,ask,363.0,0.01003,1449527643
65188242,BTC-E,btc_eur,btc_eur,ask,364.925,0.0178034,1449527113
65188066,BTC-E,btc_eur,btc_eur,ask,364.56,0.175528,1449526693
65188059,BTC-E,btc_eur,btc_eur,bid,366.915,0.230016,1449526636
65188058,BTC-E,btc_eur,btc_eur,bid,366.0,0.010002,1449526636
65188057,BTC-E,btc_eur,btc_eur,bid,365.733,0.175,1449526636
65188056,BTC-E,btc_eur,btc_eur,bid,365.103,0.174982,1449526636
65188055,BTC-E,btc_eur,btc_eur,bid,365.103,0.01,1449526636
65188043,BTC-E,btc_eur,btc_eur,ask,361.21,2.52327,1449526581
65188042,BTC-E,btc_eur,btc_eur,ask,361.21,0.0483786,1449526581
65188041,BTC-E,btc_eur,btc_eur,ask,361.21,0.0537769,1449526581
65188024,BTC-E,btc_eur,btc_eur,ask,361.21,2.881E-5,1449526564
65188023,BTC-E,btc_eur,btc_eur,ask,361.21,1.23699,1449526564
65188021,BTC-E,btc_eur,btc_eur,bid,362.559,0.174982,1449526561
65188020,BTC-E,btc_eur,btc_eur,bid,361.2,0.624413,1449526547
65188016,BTC-E,btc_eur,btc_eur,ask,361.387,0.175,1449526546
65188015,BTC-E,btc_eur,btc_eur,ask,361.387,0.0120528,1449526546
65187987,BTC-E,btc_eur,btc_eur,ask,361.2,4.41346,1449526533
65187986,BTC-E,btc_eur,btc_eur,ask,361.2,0.604414,1449526533
65187985,BTC-E,btc_eur,btc_eur,ask,361.207,0.143,1449526533
65187984,BTC-E,btc_eur,btc_eur,ask,361.456,0.014954,1449526533
65187983,BTC-E,btc_eur,btc_eur,ask,362.0,0.01003,1449526533
65187982,BTC-E,btc_eur,btc_eur,ask,363.0,0.01003,1449526533
65187981,BTC-E,btc_eur,btc_eur,ask,363.907,0.175529,1449526533
65187980,BTC-E,btc_eur,btc_eur,ask,363.93,0.175,1449526533
65187979,BTC-E,btc_eur,btc_eur,ask,363.93,0.182531,1449526533
65187972,BTC-E,btc_eur,btc_eur,ask,363.93,0.0178697,1449526512
65187954,BTC-E,btc_eur,btc_eur,ask,363.91,0.013867,1449526395
65187796,BTC-E,btc_eur,btc_eur,ask,363.91,0.0156147,1449525828
65187790,BTC-E,btc_eur,btc_eur,ask,364.827,0.175528,1449525775
65187789,BTC-E,btc_eur,btc_eur,ask,366.301,0.064897,1449525757
65187788,BTC-E,btc_eur,btc_eur,bid,366.0,0.175,1449525756
65187787,BTC-E,btc_eur,btc_eur,bid,366.0,0.05,1449525756
65187786,BTC-E,btc_eur,btc_eur,bid,366.0,0.010103,1449525756
65187779,BTC-E,btc_eur,btc_eur,bid,365.08,0.175,1449525720
65187778,BTC-E,btc_eur,btc_eur,bid,365.08,0.00277694,1449525720
65187611,BTC-E,btc_eur,btc_eur,bid,365.08,0.0150631,1449524932
65187537,BTC-E,btc_eur,btc_eur,ask,365.0,0.0114646,1449524353
65187536,BTC-E,btc_eur,btc_eur,bid,365.0,0.00653538,1449524352
65187499,BTC-E,btc_eur,btc_eur,bid,362.916,1.14097,1449524115
65187493,BTC-E,btc_eur,btc_eur,ask,362.916,0.859033,1449524114
65187492,BTC-E,btc_eur,btc_eur,bid,365.0,0.00356662,1449524112
65187491,BTC-E,btc_eur,btc_eur,bid,364.99,0.0143389,1449524112
65187490,BTC-E,btc_eur,btc_eur,bid,364.99,0.05,1449524100
65187431,BTC-E,btc_eur,btc_eur,bid,364.99,0.0233894,1449523847
65186835,BTC-E,btc_eur,btc_eur,bid,363.92,0.13395,1449522728
65186730,BTC-E,btc_eur,btc_eur,bid,363.92,0.0200852,1449522634
65186729,BTC-E,btc_eur,btc_eur,bid,363.92,0.0209471,1449522632
65186306,BTC-E,btc_eur,btc_eur,bid,362.0,0.207324,1449521953
65186305,BTC-E,btc_eur,btc_eur,bid,362.0,1.69252,1449521953
65186298,BTC-E,btc_eur,btc_eur,bid,362.0,0.0101256,1449521942
65186292,BTC-E,btc_eur,btc_eur,ask,362.0,0.01108,1449521940
65186291,BTC-E,btc_eur,btc_eur,ask,362.0,5.07895,1449521940
65186259,BTC-E,btc_eur,btc_eur,ask,362.0,2.40642,1449521926
65186244,BTC-E,btc_eur,btc_eur,ask,362.0,0.516253,1449521924
65186243,BTC-E,btc_eur,btc_eur,ask,362.0,1.99838,1449521924
65186242,BTC-E,btc_eur,btc_eur,ask,362.0,0.01003,1449521924
65185995,BTC-E,btc_eur,btc_eur,bid,362.82,0.0612122,1449521682
65185994,BTC-E,btc_eur,btc_eur,bid,362.82,0.0187359,1449521682
65185993,BTC-E,btc_eur,btc_eur,ask,363.0,0.01003,1449521682
65185992,BTC-E,btc_eur,btc_eur,ask,363.0,0.170022,1449521682
65185936,BTC-E,btc_eur,btc_eur,ask,363.0,3.0,1449521588
65185794,BTC-E,btc_eur,btc_eur,ask,363.0,2.96986,1449521541
65185626,BTC-E,btc_eur,btc_eur,ask,363.0,0.968,1449521534
65185541,BTC-E,btc_eur,btc_eur,ask,363.0,0.968,1449521491
65185540,BTC-E,btc_eur,btc_eur,ask,363.0,0.918416,1449521488
65185539,BTC-E,btc_eur,btc_eur,ask,363.0,0.0485841,1449521488
65185515,BTC-E,btc_eur,btc_eur,ask,363.0,0.966,1449521477
65185511,BTC-E,btc_eur,btc_eur,ask,363.0,0.0397042,1449521470
65185510,BTC-E,btc_eur,btc_eur,ask,363.0,0.6725,1449521470
65185509,BTC-E,btc_eur,btc_eur,ask,363.151,0.157796,1449521470
65185482,BTC-E,btc_eur,btc_eur,bid,363.92,0.248169,1449521437
65185481,BTC-E,btc_eur,btc_eur,ask,364.0,0.01003,1449521436
65185480,BTC-E,btc_eur,btc_eur,ask,364.1,0.0118008,1449521436
65185479,BTC-E,btc_eur,btc_eur,bid,364.29,0.215527,1449521435
65185478,BTC-E,btc_eur,btc_eur,bid,364.29,0.0226393,1449521435
65185477,BTC-E,btc_eur,btc_eur,bid,364.29,0.0218341,1449521434
65185255,BTC-E,btc_eur,btc_eur,bid,364.675,0.0179272,1449520664
65193341,BTC-E,nvc_btc,nvc_btc,bid,0.0024,2.7449,1449544498
65193333,BTC-E,nvc_btc,nvc_btc,bid,0.0024,26.929,1449544466
65193331,BTC-E,nvc_btc,nvc_btc,bid,0.0024,2.83572,1449544466
65193330,BTC-E,nvc_btc,nvc_btc,bid,0.0024,0.1,1449544466
65193327,BTC-E,nvc_btc,nvc_btc,bid,0.0024,0.1,1449544466
65192052,BTC-E,nvc_btc,nvc_btc,ask,0.00237,19.8284,1449539366
65191625,BTC-E,nvc_btc,nvc_btc,ask,0.00237,38.0567,1449537913
65191593,BTC-E,nvc_btc,nvc_btc,ask,0.00238,0.639886,1449537903
65191587,BTC-E,nvc_btc,nvc_btc,ask,0.00238,1.30345,1449537891
65191569,BTC-E,nvc_btc,nvc_btc,ask,0.00237,40.5291,1449537814
65191568,BTC-E,nvc_btc,nvc_btc,ask,0.00238,1.12974,1449537814
65191565,BTC-E,nvc_btc,nvc_btc,ask,0.00239,47.7569,1449537788
65191553,BTC-E,nvc_btc,nvc_btc,ask,0.00239,0.1,1449537728
65191552,BTC-E,nvc_btc,nvc_btc,ask,0.00239,0.1,1449537728
65191551,BTC-E,nvc_btc,nvc_btc,ask,0.0024,0.1,1449537727
65191539,BTC-E,nvc_btc,nvc_btc,ask,0.00239,3.01084,1449537726
65191534,BTC-E,nvc_btc,nvc_btc,bid,0.00238,0.0016,1449537725
65191533,BTC-E,nvc_btc,nvc_btc,bid,0.00238,0.3988,1449537725
65191528,BTC-E,nvc_btc,nvc_btc,ask,0.00238,5.47386,1449537725
65191511,BTC-E,nvc_btc,nvc_btc,bid,0.0024,0.1,1449537721
65191510,BTC-E,nvc_btc,nvc_btc,bid,0.0024,2.7,1449537720
65191509,BTC-E,nvc_btc,nvc_btc,bid,0.0024,26.8923,1449537720
65191508,BTC-E,nvc_btc,nvc_btc,bid,0.0024,1.0,1449537720
65191503,BTC-E,nvc_btc,nvc_btc,bid,0.00237,20.0,1449537720
65191502,BTC-E,nvc_btc,nvc_btc,bid,0.00237,1.0,1449537720
65191501,BTC-E,nvc_btc,nvc_btc,bid,0.00237,0.1,1449537720
65191500,BTC-E,nvc_btc,nvc_btc,bid,0.00237,1.0,1449537720
65191499,BTC-E,nvc_btc,nvc_btc,bid,0.00236,0.192628,1449537720
65191496,BTC-E,nvc_btc,nvc_btc,bid,0.00236,96.1215,1449537719
65191489,BTC-E,nvc_btc,nvc_btc,bid,0.00236,17.3448,1449537719
65191488,BTC-E,nvc_btc,nvc_btc,bid,0.00236,0.1,1449537719
65191486,BTC-E,nvc_btc,nvc_btc,bid,0.00236,0.1,1449537719
65191485,BTC-E,nvc_btc,nvc_btc,bid,0.00235,0.1,1449537719
65191482,BTC-E,nvc_btc,nvc_btc,bid,0.00234,9.9,1449537719
65191381,BTC-E,nvc_btc,nvc_btc,ask,0.0023,349.328,1449537525
65191380,BTC-E,nvc_btc,nvc_btc,ask,0.0023,0.100236,1449537525
65191379,BTC-E,nvc_btc,nvc_btc,ask,0.0023,1.0,1449537525
65191378,BTC-E,nvc_btc,nvc_btc,ask,0.0023,1.0,1449537524
65191377,BTC-E,nvc_btc,nvc_btc,ask,0.0023,0.1,1449537524
65191376,BTC-E,nvc_btc,nvc_btc,ask,0.00231,79.8317,1449537524
65191375,BTC-E,nvc_btc,nvc_btc,ask,0.00231,1.0,1449537524
65191374,BTC-E,nvc_btc,nvc_btc,ask,0.00231,119.655,1449537524
65191373,BTC-E,nvc_btc,nvc_btc,ask,0.00232,9.9,1449537524
65191372,BTC-E,nvc_btc,nvc_btc,ask,0.00232,9.9,1449537524
65191371,BTC-E,nvc_btc,nvc_btc,ask,0.00232,27.7305,1449537524
65191370,BTC-E,nvc_btc,nvc_btc,ask,0.00233,0.4549,1449537524
65191258,BTC-E,nvc_btc,nvc_btc,bid,0.00235,9.9,1449537347
65191257,BTC-E,nvc_btc,nvc_btc,bid,0.00235,9.9,1449537347
65191136,BTC-E,nvc_btc,nvc_btc,ask,0.00231,113.659,1449537132
65191135,BTC-E,nvc_btc,nvc_btc,ask,0.00231,0.101,1449537132
65191134,BTC-E,nvc_btc,nvc_btc,ask,0.00231,0.44,1449537132
65191133,BTC-E,nvc_btc,nvc_btc,ask,0.00231,0.100237,1449537132
65191132,BTC-E,nvc_btc,nvc_btc,ask,0.00231,0.1,1449537132
65191131,BTC-E,nvc_btc,nvc_btc,ask,0.00231,0.21,1449537132
65191130,BTC-E,nvc_btc,nvc_btc,ask,0.00231,175.006,1449537132
65191129,BTC-E,nvc_btc,nvc_btc,ask,0.00232,76.0,1449537132
65191128,BTC-E,nvc_btc,nvc_btc,ask,0.00232,20.027,1449537132
65191127,BTC-E,nvc_btc,nvc_btc,ask,0.00232,0.11,1449537132
65191126,BTC-E,nvc_btc,nvc_btc,ask,0.00232,1.0,1449537132
65191125,BTC-E,nvc_btc,nvc_btc,ask,0.00232,0.11,1449537132
65191124,BTC-E,nvc_btc,nvc_btc,ask,0.00232,0.69269,1449537132
65191123,BTC-E,nvc_btc,nvc_btc,ask,0.00232,0.11,1449537132
65191122,BTC-E,nvc_btc,nvc_btc,ask,0.00232,0.64366,1449537132
65191121,BTC-E,nvc_btc,nvc_btc,ask,0.00232,0.11,1449537132
65191120,BTC-E,nvc_btc,nvc_btc,ask,0.00232,0.59815,1449537132
65191119,BTC-E,nvc_btc,nvc_btc,ask,0.00232,0.57615,1449537132
65191118,BTC-E,nvc_btc,nvc_btc,ask,0.00232,0.55415,1449537132
65191117,BTC-E,nvc_btc,nvc_btc,ask,0.00232,0.101,1449537132
65191116,BTC-E,nvc_btc,nvc_btc,ask,0.00232,0.52461,1449537132
65191115,BTC-E,nvc_btc,nvc_btc,ask,0.00232,0.57943,1449537132
65191114,BTC-E,nvc_btc,nvc_btc,ask,0.00232,0.61852,1449537132
65191113,BTC-E,nvc_btc,nvc_btc,ask,0.00232,16.8234,1449537132
65191112,BTC-E,nvc_btc,nvc_btc,ask,0.00232,2.87,1449537132
65191111,BTC-E,nvc_btc,nvc_btc,ask,0.00232,0.1,1449537132
65191110,BTC-E,nvc_btc,nvc_btc,ask,0.00232,0.100237,1449537132
65191109,BTC-E,nvc_btc,nvc_btc,ask,0.00233,0.9251,1449537132
65191108,BTC-E,nvc_btc,nvc_btc,ask,0.00233,0.11,1449537132
65191107,BTC-E,nvc_btc,nvc_btc,ask,0.00233,0.1,1449537132
65190981,BTC-E,nvc_btc,nvc_btc,ask,0.00234,234.0,1449536629
65190979,BTC-E,nvc_btc,nvc_btc,ask,0.00234,0.100237,1449536629
65190977,BTC-E,nvc_btc,nvc_btc,ask,0.00234,0.1,1449536629
65190975,BTC-E,nvc_btc,nvc_btc,ask,0.00234,1.006,1449536629
65190814,BTC-E,nvc_btc,nvc_btc,ask,0.00237,0.00481131,1449535856
65190812,BTC-E,nvc_btc,nvc_btc,ask,0.00237,12.9952,1449535848
65190675,BTC-E,nvc_btc,nvc_btc,ask,0.00235,8.47482,1449535336
65190673,BTC-E,nvc_btc,nvc_btc,ask,0.00235,1.27,1449535336
65190671,BTC-E,nvc_btc,nvc_btc,ask,0.00235,0.1,1449535336
65190669,BTC-E,nvc_btc,nvc_btc,ask,0.00235,10.8889,1449535336
65190579,BTC-E,nvc_btc,nvc_btc,ask,0.00236,65.0,1449534708
65190578,BTC-E,nvc_btc,nvc_btc,ask,0.00236,2.78595,1449534708
65190577,BTC-E,nvc_btc,nvc_btc,ask,0.00236,0.1,1449534708
65190576,BTC-E,nvc_btc,nvc_btc,ask,0.00236,0.100237,1449534708
65190575,BTC-E,nvc_btc,nvc_btc,ask,0.00237,2.75896,1449534708
65190574,BTC-E,nvc_btc,nvc_btc,ask,0.00237,0.1,1449534708
65190573,BTC-E,nvc_btc,nvc_btc,ask,0.00237,1.006,1449534708
65190572,BTC-E,nvc_btc,nvc_btc,ask,0.00238,0.100237,1449534708
65190571,BTC-E,nvc_btc,nvc_btc,ask,0.00238,0.1,1449534708
65190527,BTC-E,nvc_btc,nvc_btc,ask,0.00239,56.0,1449534560
65190525,BTC-E,nvc_btc,nvc_btc,ask,0.00239,0.1,1449534560
65190353,BTC-E,nvc_btc,nvc_btc,bid,0.00244,42.0851,1449534037
65190352,BTC-E,nvc_btc,nvc_btc,bid,0.00244,0.1,1449534037
65190351,BTC-E,nvc_btc,nvc_btc,bid,0.00244,0.1,1449534037
65190350,BTC-E,nvc_btc,nvc_btc,bid,0.00244,9.35918,1449534037
65190349,BTC-E,nvc_btc,nvc_btc,bid,0.00244,2.7,1449534037
65190348,BTC-E,nvc_btc,nvc_btc,bid,0.00243,19.1588,1449534037
65190347,BTC-E,nvc_btc,nvc_btc,bid,0.00243,3.49692,1449534037
65190169,BTC-E,nvc_btc,nvc_btc,ask,0.00242,3.478,1449533729
65190160,BTC-E,nvc_btc,nvc_btc,ask,0.00242,17.982,1449533711
65190154,BTC-E,nvc_btc,nvc_btc,ask,0.00242,17.982,1449533709
65190152,BTC-E,nvc_btc,nvc_btc,bid,0.00242,1.551,1449533706
65190133,BTC-E,nvc_btc,nvc_btc,ask,0.00242,0.1998,1449533579
65190128,BTC-E,nvc_btc,nvc_btc,ask,0.00242,17.982,1449533577
65190074,BTC-E,nvc_btc,nvc_btc,bid,0.00242,3.063,1449533563
65190044,BTC-E,nvc_btc,nvc_btc,ask,0.00243,13.0517,1449533439
65190039,BTC-E,nvc_btc,nvc_btc,ask,0.00243,37.2227,1449533439
65190036,BTC-E,nvc_btc,nvc_btc,ask,0.00243,0.1,1449533439
65190035,BTC-E,nvc_btc,nvc_btc,ask,0.00243,0.1,1449533439
65190034,BTC-E,nvc_btc,nvc_btc,ask,0.00243,12.6165,1449533438
65190033,BTC-E,nvc_btc,nvc_btc,ask,0.00243,0.1,1449533438
65190032,BTC-E,nvc_btc,nvc_btc,ask,0.00243,1.29805,1449533437
65190026,BTC-E,nvc_btc,nvc_btc,ask,0.00243,78.1307,1449533437
65190015,BTC-E,nvc_btc,nvc_btc,ask,0.00243,27.1774,1449533436
65190012,BTC-E,nvc_btc,nvc_btc,ask,0.00243,1.29806,1449533436
65190003,BTC-E,nvc_btc,nvc_btc,ask,0.00243,53.6559,1449533436
65189999,BTC-E,nvc_btc,nvc_btc,bid,0.00243,11.4601,1449533435
65189998,BTC-E,nvc_btc,nvc_btc,bid,0.00242,0.1,1449533435
65189997,BTC-E,nvc_btc,nvc_btc,bid,0.00241,2.7,1449533435
65189996,BTC-E,nvc_btc,nvc_btc,bid,0.0024,0.1,1449533435
65189995,BTC-E,nvc_btc,nvc_btc,bid,0.00235,10.8889,1449533435
65189994,BTC-E,nvc_btc,nvc_btc,bid,0.00235,37.0019,1449533432
65189988,BTC-E,nvc_btc,nvc_btc,bid,0.00235,51.8092,1449533431
65189986,BTC-E,nvc_btc,nvc_btc,ask,0.00235,0.1,1449533431
65189963,BTC-E,nvc_btc,nvc_btc,ask,0.0024,17.982,1449533371
65189956,BTC-E,nvc_btc,nvc_btc,ask,0.0024,17.982,1449533363
65189953,BTC-E,nvc_btc,nvc_btc,ask,0.0024,24.4911,1449533361
65189948,BTC-E,nvc_btc,nvc_btc,bid,0.0024,0.1,1449533360
65189947,BTC-E,nvc_btc,nvc_btc,bid,0.0024,0.1,1449533360
65189946,BTC-E,nvc_btc,nvc_btc,bid,0.0024,1.0,1449533360
65189945,BTC-E,nvc_btc,nvc_btc,bid,0.00239,18.7127,1449533360
65189944,BTC-E,nvc_btc,nvc_btc,bid,0.00238,8.68281,1449533360
65189897,BTC-E,nvc_btc,nvc_btc,ask,0.00238,9.29919,1449533077
65189892,BTC-E,nvc_btc,nvc_btc,bid,0.00238,11.7008,1449533061
65189840,BTC-E,nvc_btc,nvc_btc,ask,0.00239,0.0055018,1449532472
65189834,BTC-E,nvc_btc,nvc_btc,ask,0.00239,2.7454,1449532458
65189826,BTC-E,nvc_btc,nvc_btc,ask,0.00239,19.7802,1449532455
65189824,BTC-E,nvc_btc,nvc_btc,ask,0.00239,1.0989,1449532455
65189822,BTC-E,nvc_btc,nvc_btc,bid,0.00239,1.27,1449532454
65189821,BTC-E,nvc_btc,nvc_btc,bid,0.00239,0.1,1449532454
65189803,BTC-E,nvc_btc,nvc_btc,bid,0.00237,0.5,1449532391
65189626,BTC-E,nvc_btc,nvc_btc,bid,0.00237,0.5,1449531241
65193304,BTC-E,nmc_usd,nmc_usd,bid,0.43,1.1,1449544313
65192984,BTC-E,nmc_usd,nmc_usd,ask,0.427,0.721,1449543128
65192833,BTC-E,nmc_usd,nmc_usd,ask,0.426,0.09,1449542411
65192563,BTC-E,nmc_usd,nmc_usd,ask,0.426,1.012,1449541853
65192562,BTC-E,nmc_usd,nmc_usd,ask,0.428,0.569,1449541853
65192353,BTC-E,nmc_usd,nmc_usd,ask,0.428,0.542,1449540775
65192273,BTC-E,nmc_usd,nmc_usd,ask,0.428,0.286307,1449540296
65192271,BTC-E,nmc_usd,nmc_usd,ask,0.428,0.283731,1449540295
65192269,BTC-E,nmc_usd,nmc_usd,ask,0.428,0.257932,1449540294
65192219,BTC-E,nmc_usd,nmc_usd,ask,0.428,0.59,1449540123
65191883,BTC-E,nmc_usd,nmc_usd,ask,0.428,0.747,1449538805
65191671,BTC-E,nmc_usd,nmc_usd,ask,0.43,7.84382,1449538036
65191397,BTC-E,nmc_usd,nmc_usd,ask,0.43,179.963,1449537554
65191277,BTC-E,nmc_usd,nmc_usd,ask,0.43,6.5711,1449537462
65190950,BTC-E,nmc_usd,nmc_usd,ask,0.43,5.84092,1449536613
65190905,BTC-E,nmc_usd,nmc_usd,ask,0.43,5.45405,1449536170
65190780,BTC-E,nmc_usd,nmc_usd,ask,0.43,4.78001,1449535582
65190397,BTC-E,nmc_usd,nmc_usd,ask,0.43,8.40873,1449534149
65190132,BTC-E,nmc_usd,nmc_usd,ask,0.43,0.43206,1449533579
65190014,BTC-E,nmc_usd,nmc_usd,ask,0.43,2.83034,1449533436
65189836,BTC-E,nmc_usd,nmc_usd,ask,0.43,5.88764,1449532458
65189832,BTC-E,nmc_usd,nmc_usd,ask,0.43,2.35328,1449532455
65189786,BTC-E,nmc_usd,nmc_usd,ask,0.43,50.0,1449532278
65189706,BTC-E,nmc_usd,nmc_usd,ask,0.43,5.09688,1449531662
65189617,BTC-E,nmc_usd,nmc_usd,ask,0.43,0.401914,1449531140
65189555,BTC-E,nmc_usd,nmc_usd,ask,0.43,50.0,1449530968
65189497,BTC-E,nmc_usd,nmc_usd,ask,0.43,50.0,1449530577
65189097,BTC-E,nmc_usd,nmc_usd,ask,0.43,5.34386,1449529392
65189036,BTC-E,nmc_usd,nmc_usd,bid,0.43,1.1,1449529039
65189021,BTC-E,nmc_usd,nmc_usd,ask,0.426,893.425,1449529004
65189020,BTC-E,nmc_usd,nmc_usd,ask,0.426,1.604,1449529004
65189019,BTC-E,nmc_usd,nmc_usd,ask,0.426,1.203,1449529004
65189018,BTC-E,nmc_usd,nmc_usd,ask,0.426,1.102,1449529004
65189017,BTC-E,nmc_usd,nmc_usd,ask,0.426,1.102,1449529004
65189016,BTC-E,nmc_usd,nmc_usd,ask,0.426,76.3068,1449529004
65189015,BTC-E,nmc_usd,nmc_usd,ask,0.427,10.261,1449529004
65189014,BTC-E,nmc_usd,nmc_usd,ask,0.428,368.997,1449529004
65188843,BTC-E,nmc_usd,nmc_usd,ask,0.428,4.50716,1449528594
65188209,BTC-E,nmc_usd,nmc_usd,bid,0.431,6.96471,1449527047
65188182,BTC-E,nmc_usd,nmc_usd,ask,0.427,4.73904,1449527008
65188181,BTC-E,nmc_usd,nmc_usd,ask,0.427,1.203,1449527008
65188180,BTC-E,nmc_usd,nmc_usd,ask,0.427,1.102,1449527008
65188102,BTC-E,nmc_usd,nmc_usd,ask,0.428,83.5,1449526819
65187855,BTC-E,nmc_usd,nmc_usd,ask,0.428,85.0,1449525975
65187854,BTC-E,nmc_usd,nmc_usd,ask,0.428,15.0,1449525975
65187544,BTC-E,nmc_usd,nmc_usd,ask,0.429,50.0,1449524404
65187504,BTC-E,nmc_usd,nmc_usd,ask,0.429,6.29298,1449524205
65187319,BTC-E,nmc_usd,nmc_usd,bid,0.431,0.21,1449523563
65187317,BTC-E,nmc_usd,nmc_usd,ask,0.429,4.78429,1449523534
65187316,BTC-E,nmc_usd,nmc_usd,bid,0.431,0.111,1449523528
65187280,BTC-E,nmc_usd,nmc_usd,bid,0.431,0.157,1449523493
65187273,BTC-E,nmc_usd,nmc_usd,ask,0.429,6.21571,1449523473
65186808,BTC-E,nmc_usd,nmc_usd,bid,0.432,180.146,1449522722
65186675,BTC-E,nmc_usd,nmc_usd,ask,0.43,97.904,1449522455
65186639,BTC-E,nmc_usd,nmc_usd,bid,0.432,10.0,1449522340
65186626,BTC-E,nmc_usd,nmc_usd,bid,0.432,0.558,1449522306
65186625,BTC-E,nmc_usd,nmc_usd,bid,0.43,0.442,1449522306
65186616,BTC-E,nmc_usd,nmc_usd,ask,0.43,0.662,1449522286
65186615,BTC-E,nmc_usd,nmc_usd,ask,0.431,0.2,1449522286
65186607,BTC-E,nmc_usd,nmc_usd,bid,0.432,0.1,1449522279
65186541,BTC-E,nmc_usd,nmc_usd,ask,0.43,0.792,1449522155
65186512,BTC-E,nmc_usd,nmc_usd,bid,0.432,1.2,1449522087
65186511,BTC-E,nmc_usd,nmc_usd,bid,0.432,1.2,1449522087
65186510,BTC-E,nmc_usd,nmc_usd,bid,0.432,1.6,1449522087
65186509,BTC-E,nmc_usd,nmc_usd,bid,0.432,1.0,1449522087
65186365,BTC-E,nmc_usd,nmc_usd,bid,0.432,0.1,1449522004
65186301,BTC-E,nmc_usd,nmc_usd,ask,0.426,11.821,1449521943
65186300,BTC-E,nmc_usd,nmc_usd,ask,0.427,1.203,1449521943
65186299,BTC-E,nmc_usd,nmc_usd,ask,0.43,0.976,1449521943
65186186,BTC-E,nmc_usd,nmc_usd,ask,0.426,11.8722,1449521857
65186185,BTC-E,nmc_usd,nmc_usd,ask,0.426,6.34658,1449521857
65186184,BTC-E,nmc_usd,nmc_usd,ask,0.426,0.1,1449521857
65186183,BTC-E,nmc_usd,nmc_usd,ask,0.426,3.536,1449521857
65186182,BTC-E,nmc_usd,nmc_usd,ask,0.426,1.604,1449521857
65186181,BTC-E,nmc_usd,nmc_usd,ask,0.426,1.909,1449521857
65186180,BTC-E,nmc_usd,nmc_usd,ask,0.427,1.102,1449521857
65186179,BTC-E,nmc_usd,nmc_usd,ask,0.427,50.0,1449521857
65186178,BTC-E,nmc_usd,nmc_usd,ask,0.427,1.87,1449521857
65186177,BTC-E,nmc_usd,nmc_usd,ask,0.427,0.1,1449521857
65186176,BTC-E,nmc_usd,nmc_usd,ask,0.427,1.604,1449521857
65186175,BTC-E,nmc_usd,nmc_usd,ask,0.428,1.102,1449521857
65186174,BTC-E,nmc_usd,nmc_usd,ask,0.428,0.1,1449521857
65186173,BTC-E,nmc_usd,nmc_usd,ask,0.428,0.1,1449521857
65186172,BTC-E,nmc_usd,nmc_usd,ask,0.428,35.0,1449521857
65186171,BTC-E,nmc_usd,nmc_usd,ask,0.428,1.203,1449521857
65186170,BTC-E,nmc_usd,nmc_usd,ask,0.428,1.909,1449521857
65186169,BTC-E,nmc_usd,nmc_usd,ask,0.428,0.1,1449521857
65186168,BTC-E,nmc_usd,nmc_usd,ask,0.428,1.604,1449521857
65186167,BTC-E,nmc_usd,nmc_usd,ask,0.429,0.1,1449521857
65186166,BTC-E,nmc_usd,nmc_usd,ask,0.429,0.1,1449521857
65186165,BTC-E,nmc_usd,nmc_usd,ask,0.429,0.1,1449521857
65186164,BTC-E,nmc_usd,nmc_usd,ask,0.429,1.102,1449521857
65186163,BTC-E,nmc_usd,nmc_usd,ask,0.429,1.909,1449521857
65186162,BTC-E,nmc_usd,nmc_usd,ask,0.429,1.203,1449521857
65186161,BTC-E,nmc_usd,nmc_usd,ask,0.43,0.606,1449521857
65186160,BTC-E,nmc_usd,nmc_usd,ask,0.43,1.604,1449521857
65186159,BTC-E,nmc_usd,nmc_usd,ask,0.43,1.203,1449521857
65186158,BTC-E,nmc_usd,nmc_usd,ask,0.43,1.102,1449521857
65186157,BTC-E,nmc_usd,nmc_usd,ask,0.431,1.76,1449521857
65186156,BTC-E,nmc_usd,nmc_usd,ask,0.431,1.98,1449521857
65186155,BTC-E,nmc_usd,nmc_usd,ask,0.431,1.87,1449521857
65186154,BTC-E,nmc_usd,nmc_usd,ask,0.431,1.87,1449521857
65186153,BTC-E,nmc_usd,nmc_usd,ask,0.431,1.98,1449521857
65186152,BTC-E,nmc_usd,nmc_usd,ask,0.431,1.87,1449521857
65186151,BTC-E,nmc_usd,nmc_usd,ask,0.431,1.98,1449521857
65186150,BTC-E,nmc_usd,nmc_usd,ask,0.431,1.87,1449521857
65186149,BTC-E,nmc_usd,nmc_usd,ask,0.431,1.76,1449521857
65186148,BTC-E,nmc_usd,nmc_usd,ask,0.431,0.1,1449521857
65186147,BTC-E,nmc_usd,nmc_usd,ask,0.431,1.87,1449521857
65186146,BTC-E,nmc_usd,nmc_usd,ask,0.431,0.1,1449521857
65186145,BTC-E,nmc_usd,nmc_usd,ask,0.431,0.1,1449521857
65186144,BTC-E,nmc_usd,nmc_usd,ask,0.431,1.604,1449521857
65186143,BTC-E,nmc_usd,nmc_usd,ask,0.431,1.203,1449521857
65186142,BTC-E,nmc_usd,nmc_usd,ask,0.431,89.8922,1449521857
65186111,BTC-E,nmc_usd,nmc_usd,ask,0.431,333.0,1449521840
65186100,BTC-E,nmc_usd,nmc_usd,ask,0.431,7.0,1449521825
65186096,BTC-E,nmc_usd,nmc_usd,ask,0.431,325.0,1449521811
65186014,BTC-E,nmc_usd,nmc_usd,ask,0.431,26.2,1449521699
65186011,BTC-E,nmc_usd,nmc_usd,ask,0.431,23.8,1449521695
65186009,BTC-E,nmc_usd,nmc_usd,ask,0.431,5.3762,1449521691
65186008,BTC-E,nmc_usd,nmc_usd,ask,0.431,1.102,1449521691
65186007,BTC-E,nmc_usd,nmc_usd,ask,0.432,1.102,1449521691
65186006,BTC-E,nmc_usd,nmc_usd,ask,0.432,0.780444,1449521691
65186005,BTC-E,nmc_usd,nmc_usd,ask,0.433,1.63936,1449521691
65185996,BTC-E,nmc_usd,nmc_usd,ask,0.433,4.36301,1449521683
65185935,BTC-E,nmc_usd,nmc_usd,ask,0.433,8.82345,1449521588
65185126,BTC-E,nmc_usd,nmc_usd,ask,0.434,8.21211,1449520449
65184535,BTC-E,nmc_usd,nmc_usd,ask,0.434,24.1037,1449519579
65183615,BTC-E,nmc_usd,nmc_usd,ask,0.433,0.174178,1449518502
65183444,BTC-E,nmc_usd,nmc_usd,ask,0.434,31.6378,1449518008
65183232,BTC-E,nmc_usd,nmc_usd,bid,0.436,7.06355,1449517337
65183008,BTC-E,nmc_usd,nmc_usd,bid,0.436,153.444,1449516295
65182772,BTC-E,nmc_usd,nmc_usd,ask,0.434,4.78101,1449515893
65182633,BTC-E,nmc_usd,nmc_usd,ask,0.434,0.499,1449515344
65182539,BTC-E,nmc_usd,nmc_usd,ask,0.434,8.07285,1449514874
65182360,BTC-E,nmc_usd,nmc_usd,ask,0.434,17.6284,1449514356
65182098,BTC-E,nmc_usd,nmc_usd,ask,0.434,1.44212,1449513619
65182017,BTC-E,nmc_usd,nmc_usd,bid,0.436,23.5821,1449513281
65181804,BTC-E,nmc_usd,nmc_usd,ask,0.434,9.73265,1449512708
65181776,BTC-E,nmc_usd,nmc_usd,ask,0.434,2.49884,1449512668
65181775,BTC-E,nmc_usd,nmc_usd,ask,0.434,6.02,1449512668
65180892,BTC-E,nmc_usd,nmc_usd,ask,0.434,8.98,1449510978
65180891,BTC-E,nmc_usd,nmc_usd,ask,0.435,11.0,1449510978
65180769,BTC-E,nmc_usd,nmc_usd,bid,0.437,450.0,1449510623
65180729,BTC-E,nmc_usd,nmc_usd,bid,0.437,1.0,1449510529
65180694,BTC-E,nmc_usd,nmc_usd,bid,0.437,2.0,1449510476
65180464,BTC-E,nmc_usd,nmc_usd,ask,0.435,18.0,1449509809
65180463,BTC-E,nmc_usd,nmc_usd,ask,0.436,136.634,1449509809
65180462,BTC-E,nmc_usd,nmc_usd,ask,0.436,15.0,1449509809
65180158,BTC-E,nmc_usd,nmc_usd,bid,0.437,5.97247,1449509158
65193321,BTC-E,eur_usd,eur_usd,bid,1.06822,0.2,1449544459
65193119,BTC-E,eur_usd,eur_usd,ask,1.05813,0.2,1449543847
65192953,BTC-E,eur_usd,eur_usd,ask,1.05973,0.11526,1449542975
65192952,BTC-E,eur_usd,eur_usd,ask,1.05973,0.13301,1449542975
65192796,BTC-E,eur_usd,eur_usd,ask,1.06235,0.2,1449542110
65192707,BTC-E,eur_usd,eur_usd,ask,1.06224,0.2,1449541983
65192548,BTC-E,eur_usd,eur_usd,bid,1.06833,0.2,1449541796
65192450,BTC-E,eur_usd,eur_usd,ask,1.06246,0.2,1449541287
65192449,BTC-E,eur_usd,eur_usd,ask,1.063,4.78427,1449541285
65192417,BTC-E,eur_usd,eur_usd,ask,1.06235,0.2,1449541100
65192283,BTC-E,eur_usd,eur_usd,bid,1.06844,0.2,1449540348
65192173,BTC-E,eur_usd,eur_usd,ask,1.06257,0.2,1449539896
65192170,BTC-E,eur_usd,eur_usd,ask,1.06246,0.2,1449539873
65192163,BTC-E,eur_usd,eur_usd,bid,1.06855,0.2,1449539837
65192065,BTC-E,eur_usd,eur_usd,ask,1.06263,0.2,1449539471
65192064,BTC-E,eur_usd,eur_usd,ask,1.06252,0.133292,1449539463
65192063,BTC-E,eur_usd,eur_usd,ask,1.06252,0.2,1449539463
65192059,BTC-E,eur_usd,eur_usd,bid,1.06866,0.2,1449539440
65191835,BTC-E,eur_usd,eur_usd,ask,1.06268,0.2,1449538691
65191834,BTC-E,eur_usd,eur_usd,ask,1.06311,0.2,1449538690
65191817,BTC-E,eur_usd,eur_usd,ask,1.063,1.0,1449538687
65191793,BTC-E,eur_usd,eur_usd,bid,1.06877,0.15489,1449538574
65191555,BTC-E,eur_usd,eur_usd,ask,1.06304,0.2,1449537738
65191008,BTC-E,eur_usd,eur_usd,ask,1.06293,0.114833,1449536741
65191007,BTC-E,eur_usd,eur_usd,ask,1.06293,0.199864,1449536741
65191006,BTC-E,eur_usd,eur_usd,ask,1.06293,0.2,1449536741
65190912,BTC-E,eur_usd,eur_usd,bid,1.069,0.10978,1449536236
65190796,BTC-E,eur_usd,eur_usd,bid,1.06411,0.2,1449535694
65190655,BTC-E,eur_usd,eur_usd,bid,1.063,2.0E-8,1449535251
65190486,BTC-E,eur_usd,eur_usd,bid,1.063,0.350001,1449534534
65190485,BTC-E,eur_usd,eur_usd,bid,1.063,2.0E-8,1449534534
65190484,BTC-E,eur_usd,eur_usd,bid,1.0629,0.27123,1449534534
65190482,BTC-E,eur_usd,eur_usd,bid,1.06,3.6922E-4,1449534534
65190463,BTC-E,eur_usd,eur_usd,bid,1.06,0.979,1449534433
65190461,BTC-E,eur_usd,eur_usd,bid,1.06,1944.0,1449534397
65190457,BTC-E,eur_usd,eur_usd,bid,1.05999,1.497,1449534368
65190346,BTC-E,eur_usd,eur_usd,bid,1.05995,0.29032,1449533992
65189989,BTC-E,eur_usd,eur_usd,bid,1.06,44.7371,1449533431
65189972,BTC-E,eur_usd,eur_usd,bid,1.06,7.07939,1449533415
65189966,BTC-E,eur_usd,eur_usd,bid,1.06,5.20417,1449533378
65189816,BTC-E,eur_usd,eur_usd,bid,1.063,0.350001,1449532436
65189807,BTC-E,eur_usd,eur_usd,bid,1.06,592.94,1449532429
65189806,BTC-E,eur_usd,eur_usd,bid,1.06,407.06,1449532429
65189760,BTC-E,eur_usd,eur_usd,ask,1.05802,1.605,1449532059
65189759,BTC-E,eur_usd,eur_usd,ask,1.05811,0.2,1449532059
65189758,BTC-E,eur_usd,eur_usd,ask,1.059,0.133664,1449532059
65189757,BTC-E,eur_usd,eur_usd,ask,1.059,0.11,1449532059
65189739,BTC-E,eur_usd,eur_usd,bid,1.065,0.1003,1449531913
65189690,BTC-E,eur_usd,eur_usd,ask,1.06417,18.98,1449531455
65189688,BTC-E,eur_usd,eur_usd,bid,1.06417,0.2,1449531455
65189573,BTC-E,eur_usd,eur_usd,bid,1.063,1.0,1449531047
65189572,BTC-E,eur_usd,eur_usd,bid,1.06279,0.2,1449531047
65189520,BTC-E,eur_usd,eur_usd,bid,1.0629,0.27123,1449530745
65189377,BTC-E,eur_usd,eur_usd,ask,1.058,1.48383,1449530157
65189376,BTC-E,eur_usd,eur_usd,ask,1.058,0.1006,1449530157
65189375,BTC-E,eur_usd,eur_usd,ask,1.05887,0.5,1449530157
65189374,BTC-E,eur_usd,eur_usd,ask,1.05887,1.0,1449530157
65189373,BTC-E,eur_usd,eur_usd,ask,1.05887,0.114336,1449530157
65189372,BTC-E,eur_usd,eur_usd,ask,1.05887,0.2,1449530157
65189330,BTC-E,eur_usd,eur_usd,bid,1.068,0.43912,1449529948
65189078,BTC-E,eur_usd,eur_usd,bid,1.06943,0.26652,1449529275
65188779,BTC-E,eur_usd,eur_usd,ask,1.06507,2.0E-8,1449528359
65188778,BTC-E,eur_usd,eur_usd,bid,1.06507,0.2,1449528359
65188776,BTC-E,eur_usd,eur_usd,bid,1.06389,0.2,1449528359
65188709,BTC-E,eur_usd,eur_usd,bid,1.064,0.350001,1449528210
65188698,BTC-E,eur_usd,eur_usd,bid,1.0589,506.449,1449528177
65188697,BTC-E,eur_usd,eur_usd,bid,1.0589,363.551,1449528177
65188297,BTC-E,eur_usd,eur_usd,ask,1.05913,0.2,1449527622
65188296,BTC-E,eur_usd,eur_usd,ask,1.05902,0.132866,1449527621
65188039,BTC-E,eur_usd,eur_usd,ask,1.06381,0.2,1449526567
65188038,BTC-E,eur_usd,eur_usd,bid,1.07,126.587,1449526564
65188037,BTC-E,eur_usd,eur_usd,bid,1.07,161.322,1449526564
65188036,BTC-E,eur_usd,eur_usd,bid,1.06998,80.0,1449526564
65188035,BTC-E,eur_usd,eur_usd,bid,1.06998,0.2,1449526564
65188034,BTC-E,eur_usd,eur_usd,bid,1.0698,58.955,1449526564
65188033,BTC-E,eur_usd,eur_usd,bid,1.06969,0.2,1449526564
65188032,BTC-E,eur_usd,eur_usd,bid,1.064,0.350001,1449526564
65188031,BTC-E,eur_usd,eur_usd,bid,1.06347,0.2,1449526564
65188014,BTC-E,eur_usd,eur_usd,ask,1.06358,0.2,1449526542
65188012,BTC-E,eur_usd,eur_usd,bid,1.0698,125.749,1449526533
65188011,BTC-E,eur_usd,eur_usd,bid,1.06978,2.66146,1449526533
65188010,BTC-E,eur_usd,eur_usd,bid,1.06978,0.2,1449526533
65188009,BTC-E,eur_usd,eur_usd,bid,1.06967,0.1364,1449526533
65188008,BTC-E,eur_usd,eur_usd,bid,1.06954,0.2,1449526533
65188007,BTC-E,eur_usd,eur_usd,bid,1.06942,0.2,1449526533
65188006,BTC-E,eur_usd,eur_usd,bid,1.06775,10.0,1449526533
65188004,BTC-E,eur_usd,eur_usd,bid,1.06762,1.3,1449526533
65188002,BTC-E,eur_usd,eur_usd,bid,1.06739,8.0,1449526533
65187998,BTC-E,eur_usd,eur_usd,bid,1.06739,0.15998,1449526533
65187995,BTC-E,eur_usd,eur_usd,bid,1.067,4.0,1449526533
65187992,BTC-E,eur_usd,eur_usd,bid,1.06679,47.073,1449526533
65187989,BTC-E,eur_usd,eur_usd,bid,1.06484,0.2,1449526533
65187926,BTC-E,eur_usd,eur_usd,ask,1.05876,0.2,1449526274
65187798,BTC-E,eur_usd,eur_usd,bid,1.06495,0.2,1449525828
65187797,BTC-E,eur_usd,eur_usd,bid,1.06472,0.2,1449525828
65187764,BTC-E,eur_usd,eur_usd,bid,1.06483,0.2394,1449525677
65187600,BTC-E,eur_usd,eur_usd,ask,1.05882,0.2,1449524898
65187598,BTC-E,eur_usd,eur_usd,ask,1.05898,0.2,1449524898
65187585,BTC-E,eur_usd,eur_usd,ask,1.05887,0.2,1449524840
65187498,BTC-E,eur_usd,eur_usd,bid,1.065,311.869,1449524114
65187497,BTC-E,eur_usd,eur_usd,bid,1.06489,0.2,1449524114
65187424,BTC-E,eur_usd,eur_usd,bid,1.065,2.13105,1449523822
65187423,BTC-E,eur_usd,eur_usd,bid,1.065,0.1003,1449523822
65187422,BTC-E,eur_usd,eur_usd,bid,1.06483,0.2,1449523822
65187421,BTC-E,eur_usd,eur_usd,bid,1.06469,0.2,1449523822
65187420,BTC-E,eur_usd,eur_usd,bid,1.06457,0.21572,1449523822
65187414,BTC-E,eur_usd,eur_usd,ask,1.05876,0.133422,1449523797
65187413,BTC-E,eur_usd,eur_usd,ask,1.05876,0.2,1449523797
65186853,BTC-E,eur_usd,eur_usd,bid,1.0648,0.20064,1449522754
65186402,BTC-E,eur_usd,eur_usd,ask,1.06,0.3554,1449522030
65186389,BTC-E,eur_usd,eur_usd,ask,1.06,0.2548,1449522008
65186307,BTC-E,eur_usd,eur_usd,ask,1.06,0.3081,1449521954
65186236,BTC-E,eur_usd,eur_usd,ask,1.06,0.3957,1449521917
65186207,BTC-E,eur_usd,eur_usd,ask,1.06,0.5919,1449521881
65186116,BTC-E,eur_usd,eur_usd,ask,1.06,0.2459,1449521847
65186095,BTC-E,eur_usd,eur_usd,ask,1.06,0.2622,1449521811
65186076,BTC-E,eur_usd,eur_usd,ask,1.06,0.2224,1449521776
65186047,BTC-E,eur_usd,eur_usd,ask,1.06,0.246,1449521741
65186032,BTC-E,eur_usd,eur_usd,ask,1.06,0.265,1449521708
65185989,BTC-E,eur_usd,eur_usd,ask,1.06,0.1249,1449521670
65185979,BTC-E,eur_usd,eur_usd,ask,1.06,0.214,1449521634
65185945,BTC-E,eur_usd,eur_usd,ask,1.06,0.1604,1449521598
65185916,BTC-E,eur_usd,eur_usd,ask,1.06,0.3602,1449521561
65185572,BTC-E,eur_usd,eur_usd,ask,1.06,0.1921,1449521523
65185538,BTC-E,eur_usd,eur_usd,ask,1.06,0.1862,1449521488
65185500,BTC-E,eur_usd,eur_usd,ask,1.06,0.2394,1449521453
65185465,BTC-E,eur_usd,eur_usd,ask,1.06,0.1432,1449521419
65185447,BTC-E,eur_usd,eur_usd,ask,1.06104,5.55,1449521388
65185446,BTC-E,eur_usd,eur_usd,bid,1.06104,0.2,1449521387
65185440,BTC-E,eur_usd,eur_usd,ask,1.06,0.1537,1449521385
65185424,BTC-E,eur_usd,eur_usd,ask,1.06,0.1275,1449521347
65185418,BTC-E,eur_usd,eur_usd,ask,1.06,0.1337,1449521327
65185401,BTC-E,eur_usd,eur_usd,ask,1.06,0.1382,1449521204
65185396,BTC-E,eur_usd,eur_usd,ask,1.06,0.1612,1449521175
65185348,BTC-E,eur_usd,eur_usd,ask,1.06,0.2287,1449521020
65185330,BTC-E,eur_usd,eur_usd,ask,1.06,0.1907,1449520960
65185300,BTC-E,eur_usd,eur_usd,ask,1.06,0.1152,1449520852
65185137,BTC-E,eur_usd,eur_usd,ask,1.06,0.1135,1449520497
65185125,BTC-E,eur_usd,eur_usd,ask,1.06,0.1141,1449520425
65185116,BTC-E,eur_usd,eur_usd,ask,1.06,0.1331,1449520387
65185102,BTC-E,eur_usd,eur_usd,ask,1.06,0.1693,1449520348
65185092,BTC-E,eur_usd,eur_usd,ask,1.06,0.1976,1449520310
65185081,BTC-E,eur_usd,eur_usd,ask,1.06,0.1926,1449520274
65185053,BTC-E,eur_usd,eur_usd,ask,1.0589,4.30533,1449520249
65185038,BTC-E,eur_usd,eur_usd,ask,1.06,0.2024,1449520239
65185027,BTC-E,eur_usd,eur_usd,ask,1.06,0.1671,1449520201
65185026,BTC-E,eur_usd,eur_usd,ask,1.05501,36.6217,1449520199
65185025,BTC-E,eur_usd,eur_usd,ask,1.05558,11.5656,1449520199
65185024,BTC-E,eur_usd,eur_usd,ask,1.05558,0.2,1449520199
65185023,BTC-E,eur_usd,eur_usd,ask,1.0557,0.1,1449520199
65193347,BTC-E,nvc_usd,nvc_usd,ask,0.935,9.66444,1449544539
65193346,BTC-E,nvc_usd,nvc_usd,ask,0.935,0.1,1449544539
65193345,BTC-E,nvc_usd,nvc_usd,bid,0.935,3.2934,1449544536
65193344,BTC-E,nvc_usd,nvc_usd,bid,0.933,1.84216,1449544536
65193343,BTC-E,nvc_usd,nvc_usd,bid,0.928,0.1,1449544536
65193339,BTC-E,nvc_usd,nvc_usd,bid,0.933,4.15784,1449544498
65193338,BTC-E,nvc_usd,nvc_usd,bid,0.933,1.0,1449544498
65193337,BTC-E,nvc_usd,nvc_usd,bid,0.932,2.74216,1449544498
65193336,BTC-E,nvc_usd,nvc_usd,bid,0.927,0.1,1449544498
65193323,BTC-E,nvc_usd,nvc_usd,bid,0.932,29.9348,1449544466
65193322,BTC-E,nvc_usd,nvc_usd,bid,0.926,0.0652285,1449544466
65193315,BTC-E,nvc_usd,nvc_usd,ask,0.93,0.0347715,1449544397
65193314,BTC-E,nvc_usd,nvc_usd,bid,0.93,10.0,1449544393
65193313,BTC-E,nvc_usd,nvc_usd,bid,0.925,24.8652,1449544393
65193312,BTC-E,nvc_usd,nvc_usd,bid,0.925,0.1,1449544393
65193299,BTC-E,nvc_usd,nvc_usd,bid,0.927,8.27811,1449544272
65193298,BTC-E,nvc_usd,nvc_usd,bid,0.924,0.621891,1449544271
65193297,BTC-E,nvc_usd,nvc_usd,bid,0.924,0.1,1449544271
65193296,BTC-E,nvc_usd,nvc_usd,bid,0.919,1.0,1449544271
65193089,BTC-E,nvc_usd,nvc_usd,ask,0.905,24.9151,1449543747
65193088,BTC-E,nvc_usd,nvc_usd,ask,0.905,0.1,1449543747
65193087,BTC-E,nvc_usd,nvc_usd,ask,0.906,0.1,1449543747
65193086,BTC-E,nvc_usd,nvc_usd,ask,0.907,0.1,1449543747
65193085,BTC-E,nvc_usd,nvc_usd,ask,0.908,0.1,1449543747
65193084,BTC-E,nvc_usd,nvc_usd,ask,0.909,18.3859,1449543747
65193083,BTC-E,nvc_usd,nvc_usd,ask,0.91,6.63516,1449543747
65193066,BTC-E,nvc_usd,nvc_usd,bid,0.909,32.5748,1449543666
65193063,BTC-E,nvc_usd,nvc_usd,bid,0.909,18.3355,1449543657
65193060,BTC-E,nvc_usd,nvc_usd,ask,0.909,0.1,1449543653
65193018,BTC-E,nvc_usd,nvc_usd,ask,0.91,0.1,1449543307
65192051,BTC-E,nvc_usd,nvc_usd,ask,0.911,19.8482,1449539366
65192050,BTC-E,nvc_usd,nvc_usd,ask,0.911,0.1,1449539366
65191596,BTC-E,nvc_usd,nvc_usd,ask,0.929,0.639246,1449537904
65191590,BTC-E,nvc_usd,nvc_usd,ask,0.929,1.23215,1449537891
65191589,BTC-E,nvc_usd,nvc_usd,ask,0.93,0.07,1449537891
65191584,BTC-E,nvc_usd,nvc_usd,bid,0.93,0.1,1449537869
65191572,BTC-E,nvc_usd,nvc_usd,ask,0.929,1.12861,1449537814
65191564,BTC-E,nvc_usd,nvc_usd,bid,0.929,0.1,1449537782
65191554,BTC-E,nvc_usd,nvc_usd,ask,0.91,0.1,1449537731
65191549,BTC-E,nvc_usd,nvc_usd,ask,0.935,4.57039,1449537726
65191543,BTC-E,nvc_usd,nvc_usd,bid,0.916,3.01386,1449537726
65191537,BTC-E,nvc_usd,nvc_usd,ask,0.935,0.1,1449537726
65191536,BTC-E,nvc_usd,nvc_usd,ask,0.935,0.1,1449537726
65191535,BTC-E,nvc_usd,nvc_usd,ask,0.935,0.1,1449537726
65191532,BTC-E,nvc_usd,nvc_usd,ask,0.935,0.398003,1449537725
65191529,BTC-E,nvc_usd,nvc_usd,ask,0.935,0.1,1449537725
65191527,BTC-E,nvc_usd,nvc_usd,bid,0.916,5.88014,1449537724
65191525,BTC-E,nvc_usd,nvc_usd,ask,0.935,0.1,1449537724
65191524,BTC-E,nvc_usd,nvc_usd,ask,0.935,0.1,1449537724
65191522,BTC-E,nvc_usd,nvc_usd,ask,0.935,0.1,1449537724
65191519,BTC-E,nvc_usd,nvc_usd,ask,0.935,0.1,1449537723
65191517,BTC-E,nvc_usd,nvc_usd,ask,0.935,0.1,1449537722
65191516,BTC-E,nvc_usd,nvc_usd,ask,0.935,0.1,1449537722
65191515,BTC-E,nvc_usd,nvc_usd,ask,0.935,18.0,1449537721
65191514,BTC-E,nvc_usd,nvc_usd,ask,0.935,18.0,1449537721
65191512,BTC-E,nvc_usd,nvc_usd,bid,0.916,1.006,1449537721
65191507,BTC-E,nvc_usd,nvc_usd,ask,0.935,30.6616,1449537720
65191504,BTC-E,nvc_usd,nvc_usd,ask,0.935,2.28804,1449537720
65191497,BTC-E,nvc_usd,nvc_usd,ask,0.935,116.343,1449537719
65191495,BTC-E,nvc_usd,nvc_usd,ask,0.935,95.9293,1449537719
65191493,BTC-E,nvc_usd,nvc_usd,bid,0.935,114.677,1449537719
65191490,BTC-E,nvc_usd,nvc_usd,bid,0.933,1.0,1449537719
65191487,BTC-E,nvc_usd,nvc_usd,bid,0.932,36.9249,1449537719
65191484,BTC-E,nvc_usd,nvc_usd,bid,0.92,0.1,1449537719
65191483,BTC-E,nvc_usd,nvc_usd,bid,0.919,4.34903,1449537719
65191481,BTC-E,nvc_usd,nvc_usd,bid,0.917,74.6266,1449537719
65191480,BTC-E,nvc_usd,nvc_usd,bid,0.917,27.2521,1449537719
65191478,BTC-E,nvc_usd,nvc_usd,bid,0.916,2.0,1449537718
65191477,BTC-E,nvc_usd,nvc_usd,bid,0.915,9.99,1449537718
65191476,BTC-E,nvc_usd,nvc_usd,bid,0.913,9.8901,1449537718
65191384,BTC-E,nvc_usd,nvc_usd,ask,0.9,4.8467,1449537525
65191383,BTC-E,nvc_usd,nvc_usd,ask,0.903,74.7762,1449537525
65191382,BTC-E,nvc_usd,nvc_usd,ask,0.905,0.129,1449537525
65191298,BTC-E,nvc_usd,nvc_usd,bid,0.917,0.517931,1449537514
65191297,BTC-E,nvc_usd,nvc_usd,bid,0.916,1.0,1449537514
65191274,BTC-E,nvc_usd,nvc_usd,bid,0.917,2.23,1449537440
65191273,BTC-E,nvc_usd,nvc_usd,bid,0.917,1.0,1449537440
65191256,BTC-E,nvc_usd,nvc_usd,bid,0.919,56.3636,1449537347
65191255,BTC-E,nvc_usd,nvc_usd,bid,0.919,0.1,1449537347
65191254,BTC-E,nvc_usd,nvc_usd,bid,0.918,10.0,1449537347
65191253,BTC-E,nvc_usd,nvc_usd,bid,0.917,200.0,1449537347
65191252,BTC-E,nvc_usd,nvc_usd,bid,0.917,73.9332,1449537347
65191251,BTC-E,nvc_usd,nvc_usd,bid,0.917,7.30045,1449537347
65191250,BTC-E,nvc_usd,nvc_usd,bid,0.916,9.92281,1449537347
65191249,BTC-E,nvc_usd,nvc_usd,bid,0.915,19.7802,1449537347
65191248,BTC-E,nvc_usd,nvc_usd,bid,0.915,3.763,1449537347
65191247,BTC-E,nvc_usd,nvc_usd,bid,0.915,0.1,1449537347
65191246,BTC-E,nvc_usd,nvc_usd,bid,0.914,10.0,1449537347
65191245,BTC-E,nvc_usd,nvc_usd,bid,0.913,6.73673,1449537347
65191244,BTC-E,nvc_usd,nvc_usd,bid,0.912,1.0,1449537347
65191155,BTC-E,nvc_usd,nvc_usd,ask,0.911,8.33678,1449537171
65191154,BTC-E,nvc_usd,nvc_usd,ask,0.911,0.1,1449537163
65191152,BTC-E,nvc_usd,nvc_usd,ask,0.911,9.82177,1449537158
65191151,BTC-E,nvc_usd,nvc_usd,ask,0.911,17.8533,1449537158
65191149,BTC-E,nvc_usd,nvc_usd,ask,0.911,0.1,1449537156
65191147,BTC-E,nvc_usd,nvc_usd,ask,0.911,0.1,1449537151
65191145,BTC-E,nvc_usd,nvc_usd,bid,0.911,0.1,1449537147
65191144,BTC-E,nvc_usd,nvc_usd,bid,0.91,0.1,1449537147
65191049,BTC-E,nvc_usd,nvc_usd,ask,0.912,13.2633,1449536999
65191048,BTC-E,nvc_usd,nvc_usd,bid,0.912,5.0,1449536989
65191024,BTC-E,nvc_usd,nvc_usd,ask,0.906,0.232,1449536841
65191021,BTC-E,nvc_usd,nvc_usd,ask,0.906,0.315,1449536806
65191011,BTC-E,nvc_usd,nvc_usd,ask,0.906,0.368,1449536769
65191001,BTC-E,nvc_usd,nvc_usd,ask,0.906,0.322,1449536723
65190973,BTC-E,nvc_usd,nvc_usd,ask,0.9,2.73007,1449536629
65190972,BTC-E,nvc_usd,nvc_usd,ask,0.9,10.0909,1449536629
65190971,BTC-E,nvc_usd,nvc_usd,ask,0.9,20.9201,1449536629
65190970,BTC-E,nvc_usd,nvc_usd,ask,0.9,26.083,1449536629
65190969,BTC-E,nvc_usd,nvc_usd,ask,0.9,28.1917,1449536629
65190968,BTC-E,nvc_usd,nvc_usd,ask,0.9,73.019,1449536629
65190967,BTC-E,nvc_usd,nvc_usd,ask,0.9,0.1,1449536628
65190966,BTC-E,nvc_usd,nvc_usd,ask,0.901,114.677,1449536628
65190965,BTC-E,nvc_usd,nvc_usd,ask,0.901,77.8051,1449536628
65190964,BTC-E,nvc_usd,nvc_usd,ask,0.901,0.1,1449536628
65190963,BTC-E,nvc_usd,nvc_usd,ask,0.902,235.442,1449536628
65190962,BTC-E,nvc_usd,nvc_usd,ask,0.902,1.0,1449536628
65190961,BTC-E,nvc_usd,nvc_usd,ask,0.902,0.1,1449536628
65190960,BTC-E,nvc_usd,nvc_usd,ask,0.903,0.1,1449536628
65190959,BTC-E,nvc_usd,nvc_usd,ask,0.904,0.1,1449536628
65190958,BTC-E,nvc_usd,nvc_usd,ask,0.905,0.1,1449536628
65190957,BTC-E,nvc_usd,nvc_usd,ask,0.906,0.1,1449536628
65190956,BTC-E,nvc_usd,nvc_usd,ask,0.907,0.1,1449536628
65190955,BTC-E,nvc_usd,nvc_usd,ask,0.908,19.0736,1449536628
65190954,BTC-E,nvc_usd,nvc_usd,ask,0.908,2.0,1449536628
65190953,BTC-E,nvc_usd,nvc_usd,ask,0.908,0.1,1449536628
65190866,BTC-E,nvc_usd,nvc_usd,ask,0.912,2.69955,1449536019
65190865,BTC-E,nvc_usd,nvc_usd,ask,0.912,9.25616,1449536013
65190832,BTC-E,nvc_usd,nvc_usd,ask,0.912,6.30362,1449535909
65190817,BTC-E,nvc_usd,nvc_usd,bid,0.92,1.74384,1449535856
65190816,BTC-E,nvc_usd,nvc_usd,bid,0.912,13.013,1449535856
65190810,BTC-E,nvc_usd,nvc_usd,ask,0.912,13.0238,1449535847
65190806,BTC-E,nvc_usd,nvc_usd,ask,0.91,10.0,1449535774
65190668,BTC-E,nvc_usd,nvc_usd,ask,0.909,20.7545,1449535336
65190667,BTC-E,nvc_usd,nvc_usd,bid,0.922,17.7462,1449535320
65190666,BTC-E,nvc_usd,nvc_usd,bid,0.92,9.2,1449535320
65190663,BTC-E,nvc_usd,nvc_usd,bid,0.92,0.8,1449535295
65190656,BTC-E,nvc_usd,nvc_usd,bid,0.922,2.0,1449535256
65190642,BTC-E,nvc_usd,nvc_usd,bid,0.92,9.9,1449535167
65190636,BTC-E,nvc_usd,nvc_usd,bid,0.92,0.1,1449535081
65190624,BTC-E,nvc_usd,nvc_usd,ask,0.912,25.7914,1449534948
65190586,BTC-E,nvc_usd,nvc_usd,ask,0.912,27.8765,1449534786
65190569,BTC-E,nvc_usd,nvc_usd,ask,0.913,72.1235,1449534708
65190566,BTC-E,nvc_usd,nvc_usd,bid,0.927,26.5069,1449534680
65190565,BTC-E,nvc_usd,nvc_usd,bid,0.927,0.1,1449534680
65190561,BTC-E,nvc_usd,nvc_usd,ask,0.925,13.3,1449534660
65190557,BTC-E,nvc_usd,nvc_usd,bid,0.926,26.3978,1449534640
65190556,BTC-E,nvc_usd,nvc_usd,bid,0.926,0.1,1449534640
65190546,BTC-E,nvc_usd,nvc_usd,ask,0.925,0.1,1449534632
65190545,BTC-E,nvc_usd,nvc_usd,ask,0.925,0.1,1449534631
65190544,BTC-E,nvc_usd,nvc_usd,ask,0.925,0.1,1449534631
65193362,BTC-E,btc_usd,btc_usd,ask,386.811,0.011045,1449544590
65193361,BTC-E,btc_usd,btc_usd,ask,386.812,0.165292,1449544576
65193360,BTC-E,btc_usd,btc_usd,ask,386.812,0.116,1449544575
65193359,BTC-E,btc_usd,btc_usd,bid,387.0,0.3563,1449544574
65193358,BTC-E,btc_usd,btc_usd,bid,386.937,0.089,1449544574
65193354,BTC-E,btc_usd,btc_usd,ask,386.812,0.163,1449544570
65193351,BTC-E,btc_usd,btc_usd,bid,386.937,0.011045,1449544562
65193349,BTC-E,btc_usd,btc_usd,bid,387.0,0.0323484,1449544541
65193348,BTC-E,btc_usd,btc_usd,bid,386.937,0.011053,1449544541
65193335,BTC-E,btc_usd,btc_usd,bid,387.0,1.28,1449544483
65193329,BTC-E,btc_usd,btc_usd,bid,387.0,0.0426371,1449544466
65193326,BTC-E,btc_usd,btc_usd,bid,386.902,0.01104,1449544466
65193324,BTC-E,btc_usd,btc_usd,bid,386.837,0.011053,1449544466
65193319,BTC-E,btc_usd,btc_usd,bid,386.707,0.200401,1449544437
65193318,BTC-E,btc_usd,btc_usd,bid,387.0,9.30705,1449544398
65193317,BTC-E,btc_usd,btc_usd,bid,386.999,1.5535,1449544398
65193316,BTC-E,btc_usd,btc_usd,bid,386.999,0.439453,1449544398
65193311,BTC-E,btc_usd,btc_usd,ask,386.559,1.43476,1449544378
65193310,BTC-E,btc_usd,btc_usd,ask,386.853,1.17789,1449544376
65193309,BTC-E,btc_usd,btc_usd,bid,386.853,0.011045,1449544375
65193308,BTC-E,btc_usd,btc_usd,bid,386.755,0.011053,1449544375
65193305,BTC-E,btc_usd,btc_usd,ask,386.706,0.011045,1449544315
65193303,BTC-E,btc_usd,btc_usd,ask,386.56,0.0164509,1449544303
65193302,BTC-E,btc_usd,btc_usd,bid,386.999,0.195547,1449544302
65193301,BTC-E,btc_usd,btc_usd,bid,386.666,0.001053,1449544302
65193300,BTC-E,btc_usd,btc_usd,bid,386.666,0.01,1449544288
65193293,BTC-E,btc_usd,btc_usd,ask,386.56,0.0388563,1449544266
65193291,BTC-E,btc_usd,btc_usd,ask,386.559,1.24706,1449544264
65193289,BTC-E,btc_usd,btc_usd,ask,386.559,0.385312,1449544260
65193288,BTC-E,btc_usd,btc_usd,ask,386.559,0.736258,1449544259
65193280,BTC-E,btc_usd,btc_usd,ask,385.999,0.011045,1449544251
65193236,BTC-E,btc_usd,btc_usd,bid,387.0,18.4529,1449544244
65193235,BTC-E,btc_usd,btc_usd,bid,387.0,0.7,1449544244
65193234,BTC-E,btc_usd,btc_usd,bid,386.95,0.4,1449544244
65193233,BTC-E,btc_usd,btc_usd,bid,386.843,0.011052,1449544244
65193232,BTC-E,btc_usd,btc_usd,bid,386.76,0.3,1449544244
65193231,BTC-E,btc_usd,btc_usd,bid,386.56,0.011045,1449544244
65193230,BTC-E,btc_usd,btc_usd,bid,386.559,0.125,1449544244
65193229,BTC-E,btc_usd,btc_usd,ask,386.186,0.01104,1449544223
65193228,BTC-E,btc_usd,btc_usd,ask,386.188,0.125,1449544223
65193227,BTC-E,btc_usd,btc_usd,ask,386.187,0.0129471,1449544222
65193221,BTC-E,btc_usd,btc_usd,ask,386.256,0.0631003,1449544156
65193220,BTC-E,btc_usd,btc_usd,ask,386.255,0.0110903,1449544155
65193214,BTC-E,btc_usd,btc_usd,bid,386.557,0.02584,1449544147
65193208,BTC-E,btc_usd,btc_usd,ask,385.579,0.294,1449544071
65193200,BTC-E,btc_usd,btc_usd,ask,385.579,0.011053,1449544027
65193196,BTC-E,btc_usd,btc_usd,ask,385.579,0.131847,1449544023
65193157,BTC-E,btc_usd,btc_usd,bid,386.66,0.0911107,1449544008
65193156,BTC-E,btc_usd,btc_usd,bid,386.467,0.01104,1449544008
65193155,BTC-E,btc_usd,btc_usd,bid,386.363,0.10001,1449544008
65193154,BTC-E,btc_usd,btc_usd,bid,386.314,0.5,1449544008
65193153,BTC-E,btc_usd,btc_usd,bid,386.0,0.011053,1449544008
65193152,BTC-E,btc_usd,btc_usd,bid,385.788,0.277951,1449544008
65193151,BTC-E,btc_usd,btc_usd,bid,385.734,0.01104,1449544008
65193133,BTC-E,btc_usd,btc_usd,ask,385.5,2.42586,1449543945
65193132,BTC-E,btc_usd,btc_usd,ask,385.544,0.011045,1449543945
65193131,BTC-E,btc_usd,btc_usd,ask,385.626,0.01104,1449543945
65193130,BTC-E,btc_usd,btc_usd,ask,385.627,0.369405,1449543945
65193125,BTC-E,btc_usd,btc_usd,bid,385.788,0.0250501,1449543902
65193124,BTC-E,btc_usd,btc_usd,bid,385.788,0.01,1449543902
65193122,BTC-E,btc_usd,btc_usd,bid,385.788,0.1034,1449543879
65193120,BTC-E,btc_usd,btc_usd,bid,385.788,0.299599,1449543856
65193118,BTC-E,btc_usd,btc_usd,ask,385.3,3.52464,1449543815
65193117,BTC-E,btc_usd,btc_usd,ask,385.318,0.0111245,1449543815
65193116,BTC-E,btc_usd,btc_usd,ask,385.335,0.0111351,1449543815
65193115,BTC-E,btc_usd,btc_usd,ask,385.337,0.0111305,1449543815
65193114,BTC-E,btc_usd,btc_usd,ask,385.422,0.0111305,1449543815
65193113,BTC-E,btc_usd,btc_usd,ask,385.449,0.01104,1449543815
65193112,BTC-E,btc_usd,btc_usd,ask,385.5,3.13601,1449543815
65193111,BTC-E,btc_usd,btc_usd,ask,385.788,0.011045,1449543815
65193110,BTC-E,btc_usd,btc_usd,ask,385.5,1.76344,1449543802
65193109,BTC-E,btc_usd,btc_usd,bid,386.251,0.169405,1449543800
65193108,BTC-E,btc_usd,btc_usd,bid,386.061,0.4,1449543800
65193107,BTC-E,btc_usd,btc_usd,bid,386.044,0.0778671,1449543800
65193106,BTC-E,btc_usd,btc_usd,bid,385.671,0.011045,1449543800
65193105,BTC-E,btc_usd,btc_usd,ask,385.5,0.01104,1449543778
65193104,BTC-E,btc_usd,btc_usd,ask,385.5,0.889846,1449543776
65193103,BTC-E,btc_usd,btc_usd,ask,385.5,7.19966,1449543775
65193102,BTC-E,btc_usd,btc_usd,bid,385.553,0.165,1449543771
65193101,BTC-E,btc_usd,btc_usd,bid,385.454,0.00612427,1449543766
65193100,BTC-E,btc_usd,btc_usd,bid,385.454,0.99,1449543765
65193099,BTC-E,btc_usd,btc_usd,ask,385.46,0.0111245,1449543765
65193098,BTC-E,btc_usd,btc_usd,ask,385.468,0.0129713,1449543765
65193097,BTC-E,btc_usd,btc_usd,ask,385.5,1.12726,1449543761
65193096,BTC-E,btc_usd,btc_usd,ask,385.501,0.019052,1449543761
65193095,BTC-E,btc_usd,btc_usd,ask,385.5,1.28799,1449543755
65193094,BTC-E,btc_usd,btc_usd,bid,385.503,0.011047,1449543752
65193093,BTC-E,btc_usd,btc_usd,ask,385.5,1.43606,1449543750
65193092,BTC-E,btc_usd,btc_usd,ask,385.502,0.0180004,1449543750
65193091,BTC-E,btc_usd,btc_usd,ask,385.503,0.0335,1449543750
65193090,BTC-E,btc_usd,btc_usd,ask,385.564,0.0110903,1449543750
65193082,BTC-E,btc_usd,btc_usd,ask,385.519,0.0111305,1449543736
65193081,BTC-E,btc_usd,btc_usd,bid,385.522,0.01104,1449543733
65193080,BTC-E,btc_usd,btc_usd,ask,385.551,0.0111245,1449543731
65193079,BTC-E,btc_usd,btc_usd,bid,385.608,0.118,1449543731
65193078,BTC-E,btc_usd,btc_usd,ask,385.6,0.025,1449543719
65193077,BTC-E,btc_usd,btc_usd,ask,385.666,0.311064,1449543700
65193076,BTC-E,btc_usd,btc_usd,ask,385.666,0.292727,1449543694
65193067,BTC-E,btc_usd,btc_usd,bid,385.797,0.02,1449543684
65193065,BTC-E,btc_usd,btc_usd,ask,385.96,0.25673,1449543665
65193064,BTC-E,btc_usd,btc_usd,ask,386.025,0.011045,1449543664
65193061,BTC-E,btc_usd,btc_usd,ask,385.96,0.0432696,1449543655
65193057,BTC-E,btc_usd,btc_usd,ask,386.16,0.2,1449543642
65193054,BTC-E,btc_usd,btc_usd,ask,385.852,0.0110903,1449543628
65193053,BTC-E,btc_usd,btc_usd,ask,385.869,0.011045,1449543628
65193052,BTC-E,btc_usd,btc_usd,ask,385.933,0.00219292,1449543612
65193051,BTC-E,btc_usd,btc_usd,ask,385.933,0.00890354,1449543604
65193050,BTC-E,btc_usd,btc_usd,ask,385.971,0.00109646,1449543604
65193049,BTC-E,btc_usd,btc_usd,ask,385.971,0.01,1449543604
65193048,BTC-E,btc_usd,btc_usd,ask,386.156,0.0110965,1449543591
65193047,BTC-E,btc_usd,btc_usd,ask,386.24,0.0110965,1449543578
65193046,BTC-E,btc_usd,btc_usd,ask,386.241,0.0114,1449543578
65193036,BTC-E,btc_usd,btc_usd,ask,386.35,0.011045,1449543556
65193035,BTC-E,btc_usd,btc_usd,ask,386.36,1.18356,1449543556
65193034,BTC-E,btc_usd,btc_usd,ask,386.362,0.0114,1449543556
65193033,BTC-E,btc_usd,btc_usd,ask,386.363,0.0114,1449543556
65193031,BTC-E,btc_usd,btc_usd,bid,386.384,1.0022,1449543543
65193030,BTC-E,btc_usd,btc_usd,ask,386.528,0.007913,1449543536
65193029,BTC-E,btc_usd,btc_usd,ask,386.588,1.11575,1449543527
65193028,BTC-E,btc_usd,btc_usd,ask,386.587,0.011045,1449543526
65193027,BTC-E,btc_usd,btc_usd,ask,386.685,0.01104,1449543522
65193026,BTC-E,btc_usd,btc_usd,bid,386.528,0.002087,1449543499
65193025,BTC-E,btc_usd,btc_usd,bid,386.528,0.008953,1449543496
65193024,BTC-E,btc_usd,btc_usd,bid,386.472,0.011047,1449543496
65193023,BTC-E,btc_usd,btc_usd,ask,386.351,0.0137346,1449543424
65193014,BTC-E,btc_usd,btc_usd,bid,386.242,0.0705144,1449543243
65193012,BTC-E,btc_usd,btc_usd,ask,386.242,0.0114,1449543242
65193000,BTC-E,btc_usd,btc_usd,bid,386.563,0.98,1449543189
65192998,BTC-E,btc_usd,btc_usd,bid,387.0,68.9874,1449543171
65192997,BTC-E,btc_usd,btc_usd,bid,386.999,2.4,1449543171
65192996,BTC-E,btc_usd,btc_usd,bid,386.855,0.5,1449543170
65192995,BTC-E,btc_usd,btc_usd,bid,386.665,0.4,1449543170
65192994,BTC-E,btc_usd,btc_usd,bid,386.491,0.001053,1449543170
65192993,BTC-E,btc_usd,btc_usd,bid,386.475,0.3,1449543170
65192992,BTC-E,btc_usd,btc_usd,bid,386.474,0.148555,1449543170
65192991,BTC-E,btc_usd,btc_usd,bid,386.407,0.001045,1449543170
65192990,BTC-E,btc_usd,btc_usd,bid,386.31,0.2,1449543170
65192989,BTC-E,btc_usd,btc_usd,bid,386.275,0.896328,1449543170
65192988,BTC-E,btc_usd,btc_usd,ask,386.275,0.103672,1449543155
65192986,BTC-E,btc_usd,btc_usd,bid,386.407,0.01,1449543135
65192978,BTC-E,btc_usd,btc_usd,ask,386.275,0.0363282,1449543094
65192977,BTC-E,btc_usd,btc_usd,ask,386.293,0.0110903,1449543094
65192976,BTC-E,btc_usd,btc_usd,ask,386.31,0.011045,1449543094
65192975,BTC-E,btc_usd,btc_usd,ask,386.328,0.0110965,1449543094
65192974,BTC-E,btc_usd,btc_usd,ask,386.382,0.01104,1449543094
65192973,BTC-E,btc_usd,btc_usd,bid,386.474,0.011045,1449543093
65192972,BTC-E,btc_usd,btc_usd,ask,386.474,0.1294,1449543091
65192970,BTC-E,btc_usd,btc_usd,bid,386.491,0.01,1449543087
65192951,BTC-E,btc_usd,btc_usd,ask,386.474,0.0492562,1449542964
65192949,BTC-E,btc_usd,btc_usd,bid,386.5,0.445471,1449542934
65193209,BTC-E,ltc_eur,ltc_eur,bid,3.342,2.48902,1449544071
65192969,BTC-E,ltc_eur,ltc_eur,bid,3.346,1.39975,1449543083
65192810,BTC-E,ltc_eur,ltc_eur,bid,3.344,1.36561,1449542175
65192379,BTC-E,ltc_eur,ltc_eur,bid,3.347,1.34322,1449541011
65192174,BTC-E,ltc_eur,ltc_eur,ask,3.3,0.3,1449539898
65191920,BTC-E,ltc_eur,ltc_eur,ask,3.308,0.11,1449538935
65191919,BTC-E,ltc_eur,ltc_eur,ask,3.308,0.11,1449538935
65191918,BTC-E,ltc_eur,ltc_eur,ask,3.308,0.11,1449538935
65191663,BTC-E,ltc_eur,ltc_eur,bid,3.353,1.7616,1449538022
65191236,BTC-E,ltc_eur,ltc_eur,ask,3.312,0.11,1449537298
65191235,BTC-E,ltc_eur,ltc_eur,ask,3.312,0.11,1449537298
65190831,BTC-E,ltc_eur,ltc_eur,ask,3.315,0.8924,1449535901
65190830,BTC-E,ltc_eur,ltc_eur,ask,3.315,0.11,1449535901
65190792,BTC-E,ltc_eur,ltc_eur,ask,3.319,0.11,1449535638
65190662,BTC-E,ltc_eur,ltc_eur,ask,3.326,2.4547,1449535289
65190591,BTC-E,ltc_eur,ltc_eur,bid,3.368,0.3,1449534836
65190481,BTC-E,ltc_eur,ltc_eur,ask,3.329,0.186536,1449534534
65189970,BTC-E,ltc_eur,ltc_eur,ask,3.328,2.12509,1449533415
65189815,BTC-E,ltc_eur,ltc_eur,ask,3.325,0.105158,1449532436
65189754,BTC-E,ltc_eur,ltc_eur,bid,3.365,0.609426,1449532059
65189571,BTC-E,ltc_eur,ltc_eur,ask,3.321,0.360976,1449531047
65189370,BTC-E,ltc_eur,ltc_eur,bid,3.361,1.01225,1449530157
65189169,BTC-E,ltc_eur,ltc_eur,bid,3.349,2.3103,1449529524
65188775,BTC-E,ltc_eur,ltc_eur,ask,3.319,0.120398,1449528358
65188317,BTC-E,ltc_eur,ltc_eur,bid,3.349,1.83804,1449527656
65187929,BTC-E,ltc_eur,ltc_eur,ask,3.31,0.122618,1449526282
65187795,BTC-E,ltc_eur,ltc_eur,ask,3.31,0.122618,1449525828
65187794,BTC-E,ltc_eur,ltc_eur,ask,3.31,0.11,1449525828
65187793,BTC-E,ltc_eur,ltc_eur,ask,3.31,0.11,1449525828
65187597,BTC-E,ltc_eur,ltc_eur,bid,3.367,0.118919,1449524898
65187417,BTC-E,ltc_eur,ltc_eur,ask,3.323,0.85592,1449523822
65187380,BTC-E,ltc_eur,ltc_eur,bid,3.354,15.25,1449523758
65187260,BTC-E,ltc_eur,ltc_eur,bid,3.356,9.82615,1449523456
65187259,BTC-E,ltc_eur,ltc_eur,bid,3.356,2.69833,1449523455
65187252,BTC-E,ltc_eur,ltc_eur,bid,3.356,1.94553,1449523455
65187250,BTC-E,ltc_eur,ltc_eur,bid,3.356,14.92,1449523442
65187197,BTC-E,ltc_eur,ltc_eur,bid,3.352,14.09,1449523389
65187196,BTC-E,ltc_eur,ltc_eur,bid,3.352,14.23,1449523377
65187185,BTC-E,ltc_eur,ltc_eur,bid,3.356,3.4341,1449523324
65187175,BTC-E,ltc_eur,ltc_eur,bid,3.356,2.13121,1449523302
65187173,BTC-E,ltc_eur,ltc_eur,bid,3.356,2.4414,1449523299
65187172,BTC-E,ltc_eur,ltc_eur,bid,3.356,2.13962,1449523297
65187132,BTC-E,ltc_eur,ltc_eur,bid,3.357,2.26251,1449523172
65187131,BTC-E,ltc_eur,ltc_eur,bid,3.357,2.81701,1449523169
65187126,BTC-E,ltc_eur,ltc_eur,bid,3.357,3.10887,1449523147
65186823,BTC-E,ltc_eur,ltc_eur,bid,3.36,1.96529,1449522723
65186704,BTC-E,ltc_eur,ltc_eur,bid,3.361,2.57743,1449522495
65186702,BTC-E,ltc_eur,ltc_eur,bid,3.365,15.1,1449522493
65186695,BTC-E,ltc_eur,ltc_eur,bid,3.361,3.38024,1449522489
65186530,BTC-E,ltc_eur,ltc_eur,bid,3.348,14.41,1449522120
65186516,BTC-E,ltc_eur,ltc_eur,bid,3.342,15.02,1449522104
65186514,BTC-E,ltc_eur,ltc_eur,bid,3.351,1.9444,1449522097
65186513,BTC-E,ltc_eur,ltc_eur,bid,3.351,2.37247,1449522096
65186423,BTC-E,ltc_eur,ltc_eur,bid,3.349,1.16566,1449522046
65186422,BTC-E,ltc_eur,ltc_eur,bid,3.349,2.0101,1449522046
65186421,BTC-E,ltc_eur,ltc_eur,bid,3.349,1.79265,1449522043
65186420,BTC-E,ltc_eur,ltc_eur,bid,3.349,1.95006,1449522042
65186418,BTC-E,ltc_eur,ltc_eur,bid,3.349,1.86848,1449522042
65186413,BTC-E,ltc_eur,ltc_eur,bid,3.349,2.68808,1449522038
65186401,BTC-E,ltc_eur,ltc_eur,bid,3.349,2.99496,1449522028
65186337,BTC-E,ltc_eur,ltc_eur,bid,3.349,2.29772,1449521976
65186333,BTC-E,ltc_eur,ltc_eur,bid,3.349,2.13537,1449521975
65186332,BTC-E,ltc_eur,ltc_eur,bid,3.325,14.94,1449521974
65186324,BTC-E,ltc_eur,ltc_eur,bid,3.325,14.05,1449521968
65185983,BTC-E,ltc_eur,ltc_eur,bid,3.36,14.01,1449521647
65185955,BTC-E,ltc_eur,ltc_eur,bid,3.362,14.16,1449521609
65185939,BTC-E,ltc_eur,ltc_eur,bid,3.356,15.04,1449521597
65185915,BTC-E,ltc_eur,ltc_eur,bid,3.36,13.2214,1449521560
65185914,BTC-E,ltc_eur,ltc_eur,bid,3.36,1.86863,1449521560
65185493,BTC-E,ltc_eur,ltc_eur,bid,3.372,2.27,1449521440
65185433,BTC-E,ltc_eur,ltc_eur,bid,3.366,12.3802,1449521369
65185431,BTC-E,ltc_eur,ltc_eur,bid,3.366,2.6798,1449521368
65185382,BTC-E,ltc_eur,ltc_eur,bid,3.373,2.14378,1449521135
65185380,BTC-E,ltc_eur,ltc_eur,bid,3.373,2.98612,1449521134
65185379,BTC-E,ltc_eur,ltc_eur,bid,3.373,1.84811,1449521133
65185375,BTC-E,ltc_eur,ltc_eur,bid,3.373,2.418,1449521113
65185185,BTC-E,ltc_eur,ltc_eur,bid,3.372,14.27,1449520610
65185181,BTC-E,ltc_eur,ltc_eur,bid,3.369,0.499,1449520578
65184777,BTC-E,ltc_eur,ltc_eur,bid,3.369,9.19209,1449519845
65184772,BTC-E,ltc_eur,ltc_eur,bid,3.369,5.11791,1449519845
65184769,BTC-E,ltc_eur,ltc_eur,bid,3.367,0.499,1449519845
65184532,BTC-E,ltc_eur,ltc_eur,bid,3.369,14.06,1449519560
65184499,BTC-E,ltc_eur,ltc_eur,bid,3.365,6.2654,1449519548
65184442,BTC-E,ltc_eur,ltc_eur,bid,3.362,2.52348,1449519506
65184193,BTC-E,ltc_eur,ltc_eur,bid,3.35,1.0E-8,1449518954
65183852,BTC-E,ltc_eur,ltc_eur,bid,3.35,40.9039,1449518782
65183380,BTC-E,ltc_eur,ltc_eur,bid,3.34,4.15268,1449517951
65183160,BTC-E,ltc_eur,ltc_eur,bid,3.34,1.50468,1449516953
65183021,BTC-E,ltc_eur,ltc_eur,bid,3.34,2.2897,1449516319
65182570,BTC-E,ltc_eur,ltc_eur,bid,3.34,2.05294,1449515065
65182064,BTC-E,ltc_eur,ltc_eur,ask,3.316,1.82672,1449513474
65181388,BTC-E,ltc_eur,ltc_eur,ask,3.298,1.71674,1449511990
65181387,BTC-E,ltc_eur,ltc_eur,ask,3.307,3.63175,1449511990
65181172,BTC-E,ltc_eur,ltc_eur,ask,3.297,1.72768,1449511578
65180822,BTC-E,ltc_eur,ltc_eur,ask,3.307,1.20195,1449510746
65180373,BTC-E,ltc_eur,ltc_eur,bid,3.297,1.82467,1449509667
65179975,BTC-E,ltc_eur,ltc_eur,bid,3.301,2.0,1449508590
65179800,BTC-E,ltc_eur,ltc_eur,ask,3.311,100.0,1449508392
65179726,BTC-E,ltc_eur,ltc_eur,ask,3.317,27.1849,1449508334
65179724,BTC-E,ltc_eur,ltc_eur,ask,3.318,14.9064,1449508333
65179415,BTC-E,ltc_eur,ltc_eur,ask,3.321,1.32736,1449507498
65179400,BTC-E,ltc_eur,ltc_eur,bid,3.363,0.499,1449507348
65178612,BTC-E,ltc_eur,ltc_eur,bid,3.296,0.355631,1449505970
65178609,BTC-E,ltc_eur,ltc_eur,bid,3.296,0.855304,1449505970
65178586,BTC-E,ltc_eur,ltc_eur,ask,3.296,0.807922,1449505879
65178533,BTC-E,ltc_eur,ltc_eur,ask,3.292,0.808904,1449505792
65178513,BTC-E,ltc_eur,ltc_eur,ask,3.292,1.18574,1449505739
65178502,BTC-E,ltc_eur,ltc_eur,ask,3.292,1.18574,1449505739
65178486,BTC-E,ltc_eur,ltc_eur,ask,3.304,1.18466,1449505669
65178430,BTC-E,ltc_eur,ltc_eur,bid,3.364,54.3744,1449505609
65178429,BTC-E,ltc_eur,ltc_eur,bid,3.349,8.02913,1449505609
65178416,BTC-E,ltc_eur,ltc_eur,bid,3.364,30.4273,1449505589
65178415,BTC-E,ltc_eur,ltc_eur,bid,3.36,25.0,1449505589
65178414,BTC-E,ltc_eur,ltc_eur,bid,3.356,0.499,1449505589
65178413,BTC-E,ltc_eur,ltc_eur,bid,3.35,6.41963,1449505589
65178310,BTC-E,ltc_eur,ltc_eur,ask,3.312,2.17865,1449505293
65177975,BTC-E,ltc_eur,ltc_eur,ask,3.314,1.42357,1449504369
65177423,BTC-E,ltc_eur,ltc_eur,bid,3.349,0.2,1449502850
65177053,BTC-E,ltc_eur,ltc_eur,bid,3.349,10.5,1449502048
65177043,BTC-E,ltc_eur,ltc_eur,bid,3.35,10.5,1449502039
65177042,BTC-E,ltc_eur,ltc_eur,bid,3.35,42.0,1449502035
65176508,BTC-E,ltc_eur,ltc_eur,bid,3.355,0.499,1449501176
65175854,BTC-E,ltc_eur,ltc_eur,bid,3.325,0.25695,1449500503
65175668,BTC-E,ltc_eur,ltc_eur,ask,3.289,2.79345,1449499988
65175647,BTC-E,ltc_eur,ltc_eur,ask,3.289,2.44026,1449499899
65175642,BTC-E,ltc_eur,ltc_eur,ask,3.289,2.44026,1449499898
65175523,BTC-E,ltc_eur,ltc_eur,ask,3.304,1.58912,1449499628
65175509,BTC-E,ltc_eur,ltc_eur,ask,3.304,2.32622,1449499598
65175506,BTC-E,ltc_eur,ltc_eur,ask,3.309,3.39929,1449499580
65175505,BTC-E,ltc_eur,ltc_eur,ask,3.308,2.48494,1449499569
65175503,BTC-E,ltc_eur,ltc_eur,ask,3.308,2.49061,1449499568
65174974,BTC-E,ltc_eur,ltc_eur,bid,3.337,0.608455,1449498192
65174951,BTC-E,ltc_eur,ltc_eur,bid,3.338,1.0,1449498150
65174065,BTC-E,ltc_eur,ltc_eur,ask,3.291,3.9964,1449496788
65174012,BTC-E,ltc_eur,ltc_eur,bid,3.337,0.148995,1449496675
65173875,BTC-E,ltc_eur,ltc_eur,bid,3.339,0.123094,1449496291
65173859,BTC-E,ltc_eur,ltc_eur,bid,3.339,0.13954,1449496263
65173346,BTC-E,ltc_eur,ltc_eur,bid,3.339,0.101491,1449495373
65173232,BTC-E,ltc_eur,ltc_eur,ask,3.277,0.1,1449495224
65172497,BTC-E,ltc_eur,ltc_eur,ask,3.319,50.898,1449494517
65172216,BTC-E,ltc_eur,ltc_eur,ask,3.36,0.791944,1449494351
65171939,BTC-E,ltc_eur,ltc_eur,ask,3.364,0.824418,1449494069
65171924,BTC-E,ltc_eur,ltc_eur,ask,3.361,1.78583,1449494030
65171246,BTC-E,ltc_eur,ltc_eur,ask,3.351,2.92535,1449493189
65170053,BTC-E,ltc_eur,ltc_eur,ask,3.35,2.33665,1449492192
65169682,BTC-E,ltc_eur,ltc_eur,ask,3.35,1.63854,1449491487
65169363,BTC-E,ltc_eur,ltc_eur,ask,3.351,0.18637,1449490893
65168771,BTC-E,ltc_eur,ltc_eur,bid,3.411,93.2,1449490366
65168734,BTC-E,ltc_eur,ltc_eur,bid,3.415,0.0708678,1449490327
65168733,BTC-E,ltc_eur,ltc_eur,bid,3.404,1.56269,1449490327
65192999,BTC-E,ppc_btc,ppc_btc,ask,0.00107,22.6041,1449543171
65192920,BTC-E,ppc_btc,ppc_btc,ask,0.00107,0.89176,1449542713
65192865,BTC-E,ppc_btc,ppc_btc,bid,0.00108,7.30253,1449542525
65192819,BTC-E,ppc_btc,ppc_btc,ask,0.00107,6.75208,1449542228
65192797,BTC-E,ppc_btc,ppc_btc,ask,0.00107,6.75208,1449542131
65192357,BTC-E,ppc_btc,ppc_btc,bid,0.00108,50.8947,1449540827
65192348,BTC-E,ppc_btc,ppc_btc,bid,0.00108,18.3597,1449540741
65192347,BTC-E,ppc_btc,ppc_btc,bid,0.00108,0.1,1449540741
65192346,BTC-E,ppc_btc,ppc_btc,bid,0.00108,2.97034,1449540741
65192345,BTC-E,ppc_btc,ppc_btc,ask,0.00107,1.17225,1449540727
65192326,BTC-E,ppc_btc,ppc_btc,bid,0.00108,4.4512,1449540713
65192325,BTC-E,ppc_btc,ppc_btc,bid,0.00108,0.1,1449540713
65192324,BTC-E,ppc_btc,ppc_btc,bid,0.00108,1.14133,1449540713
65192323,BTC-E,ppc_btc,ppc_btc,bid,0.00108,3.04141,1449540713
65192322,BTC-E,ppc_btc,ppc_btc,bid,0.00108,0.1,1449540713
65192321,BTC-E,ppc_btc,ppc_btc,bid,0.00108,1.16606,1449540713
65192305,BTC-E,ppc_btc,ppc_btc,ask,0.00106,6.76561,1449540588
65192043,BTC-E,ppc_btc,ppc_btc,bid,0.00107,1.07254,1449539306
65191747,BTC-E,ppc_btc,ppc_btc,ask,0.00106,49.9275,1449538271
65191746,BTC-E,ppc_btc,ppc_btc,ask,0.00106,1.07254,1449538271
65190935,BTC-E,ppc_btc,ppc_btc,bid,0.00107,0.16489,1449536499
65190380,BTC-E,ppc_btc,ppc_btc,ask,0.00106,0.89811,1449534105
65190379,BTC-E,ppc_btc,ppc_btc,bid,0.00107,0.90189,1449534102
65190070,BTC-E,ppc_btc,ppc_btc,bid,0.00106,177.463,1449533496
65190069,BTC-E,ppc_btc,ppc_btc,ask,0.00106,95.283,1449533495
65190068,BTC-E,ppc_btc,ppc_btc,ask,0.00106,627.254,1449533495
65190067,BTC-E,ppc_btc,ppc_btc,ask,0.00106,100.798,1449533483
65189885,BTC-E,ppc_btc,ppc_btc,ask,0.00106,114.63,1449532800
65189884,BTC-E,ppc_btc,ppc_btc,ask,0.00106,101.057,1449532790
65189872,BTC-E,ppc_btc,ppc_btc,ask,0.00106,78.1512,1449532786
65189738,BTC-E,ppc_btc,ppc_btc,ask,0.00106,30.2394,1449531887
65189737,BTC-E,ppc_btc,ppc_btc,ask,0.00106,0.1,1449531887
65189736,BTC-E,ppc_btc,ppc_btc,ask,0.00106,0.1,1449531887
65189735,BTC-E,ppc_btc,ppc_btc,ask,0.00106,0.1,1449531887
65189734,BTC-E,ppc_btc,ppc_btc,ask,0.00106,100.0,1449531887
65189733,BTC-E,ppc_btc,ppc_btc,ask,0.00106,10.3,1449531887
65189732,BTC-E,ppc_btc,ppc_btc,ask,0.00106,0.1,1449531887
65189731,BTC-E,ppc_btc,ppc_btc,ask,0.00106,7.43642,1449531887
65189730,BTC-E,ppc_btc,ppc_btc,ask,0.00106,1.14133,1449531887
65189729,BTC-E,ppc_btc,ppc_btc,ask,0.00106,3.0475,1449531887
65189728,BTC-E,ppc_btc,ppc_btc,ask,0.00106,0.1,1449531887
65189727,BTC-E,ppc_btc,ppc_btc,ask,0.00106,1.06678,1449531887
65189726,BTC-E,ppc_btc,ppc_btc,ask,0.00106,4.7,1449531887
65189725,BTC-E,ppc_btc,ppc_btc,ask,0.00106,41.5686,1449531887
65189619,BTC-E,ppc_btc,ppc_btc,bid,0.00108,5.70437,1449531146
65189042,BTC-E,ppc_btc,ppc_btc,bid,0.00108,16.6533,1449529077
65188870,BTC-E,ppc_btc,ppc_btc,ask,0.00106,5.43707,1449528712
65188277,BTC-E,ppc_btc,ppc_btc,bid,0.00108,32.7204,1449527403
65187969,BTC-E,ppc_btc,ppc_btc,ask,0.00106,0.85,1449526496
65187692,BTC-E,ppc_btc,ppc_btc,ask,0.00106,6.25424,1449525227
65187322,BTC-E,ppc_btc,ppc_btc,bid,0.00108,1.87789,1449523604
65187304,BTC-E,ppc_btc,ppc_btc,ask,0.00106,2.39967,1449523519
65186831,BTC-E,ppc_btc,ppc_btc,ask,0.00107,1.16606,1449522723
65186830,BTC-E,ppc_btc,ppc_btc,ask,0.00107,2.18655,1449522723
65186764,BTC-E,ppc_btc,ppc_btc,ask,0.00107,59.78,1449522718
65186522,BTC-E,ppc_btc,ppc_btc,ask,0.00107,187.102,1449522113
65186521,BTC-E,ppc_btc,ppc_btc,ask,0.00107,33.269,1449522113
65186507,BTC-E,ppc_btc,ppc_btc,ask,0.00107,0.915166,1449522075
65185946,BTC-E,ppc_btc,ppc_btc,bid,0.00109,100.0,1449521602
65185362,BTC-E,ppc_btc,ppc_btc,ask,0.00107,25.0,1449521057
65185277,BTC-E,ppc_btc,ppc_btc,bid,0.00108,0.1,1449520753
65185276,BTC-E,ppc_btc,ppc_btc,bid,0.00108,0.940456,1449520753
65184907,BTC-E,ppc_btc,ppc_btc,bid,0.00108,0.219444,1449520058
65184473,BTC-E,ppc_btc,ppc_btc,ask,0.00107,12.362,1449519540
65183641,BTC-E,ppc_btc,ppc_btc,ask,0.00107,4.85007,1449518583
65183445,BTC-E,ppc_btc,ppc_btc,ask,0.00107,5.83814,1449518014
65183250,BTC-E,ppc_btc,ppc_btc,ask,0.00107,6.19725,1449517472
65183249,BTC-E,ppc_btc,ppc_btc,ask,0.00107,1.1599,1449517472
65183029,BTC-E,ppc_btc,ppc_btc,bid,0.00109,124.137,1449516322
65183028,BTC-E,ppc_btc,ppc_btc,bid,0.00108,270.0,1449516322
65183027,BTC-E,ppc_btc,ppc_btc,bid,0.00108,106.724,1449516322
65183026,BTC-E,ppc_btc,ppc_btc,bid,0.00108,1.15377,1449516322
65183005,BTC-E,ppc_btc,ppc_btc,ask,0.00107,0.10201,1449516262
65183004,BTC-E,ppc_btc,ppc_btc,ask,0.00107,282.811,1449516262
65182917,BTC-E,ppc_btc,ppc_btc,ask,0.00107,25.7032,1449516175
65182915,BTC-E,ppc_btc,ppc_btc,ask,0.00107,1.64278,1449516175
65182910,BTC-E,ppc_btc,ppc_btc,ask,0.00107,0.99,1449516154
65182764,BTC-E,ppc_btc,ppc_btc,ask,0.00107,4.73466,1449515836
65182763,BTC-E,ppc_btc,ppc_btc,ask,0.00107,1.17309,1449515836
65182762,BTC-E,ppc_btc,ppc_btc,ask,0.00107,1.15377,1449515836
65182562,BTC-E,ppc_btc,ppc_btc,bid,0.00109,17.3394,1449514979
65182551,BTC-E,ppc_btc,ppc_btc,ask,0.00108,1.19388,1449514925
65182546,BTC-E,ppc_btc,ppc_btc,bid,0.00109,32.4644,1449514910
65182545,BTC-E,ppc_btc,ppc_btc,bid,0.00109,0.1,1449514910
65182544,BTC-E,ppc_btc,ppc_btc,bid,0.00109,0.1,1449514910
65182543,BTC-E,ppc_btc,ppc_btc,bid,0.00109,7.34655,1449514910
65182542,BTC-E,ppc_btc,ppc_btc,bid,0.00109,1.15619,1449514910
65182541,BTC-E,ppc_btc,ppc_btc,bid,0.00109,1.18767,1449514910
65182540,BTC-E,ppc_btc,ppc_btc,bid,0.00109,31.948,1449514910
65182529,BTC-E,ppc_btc,ppc_btc,bid,0.00109,115.194,1449514792
65182528,BTC-E,ppc_btc,ppc_btc,bid,0.00108,0.1,1449514792
65182527,BTC-E,ppc_btc,ppc_btc,bid,0.00108,10.13,1449514792
65182526,BTC-E,ppc_btc,ppc_btc,bid,0.00108,87.7885,1449514792
65182525,BTC-E,ppc_btc,ppc_btc,bid,0.00108,0.1,1449514792
65182524,BTC-E,ppc_btc,ppc_btc,bid,0.00108,0.1,1449514792
65182523,BTC-E,ppc_btc,ppc_btc,bid,0.00108,7.42023,1449514792
65182522,BTC-E,ppc_btc,ppc_btc,bid,0.00108,3.04141,1449514792
65182521,BTC-E,ppc_btc,ppc_btc,bid,0.00108,18.9734,1449514792
65182520,BTC-E,ppc_btc,ppc_btc,bid,0.00108,1.14767,1449514792
65182519,BTC-E,ppc_btc,ppc_btc,bid,0.00108,99.0,1449514792
65182518,BTC-E,ppc_btc,ppc_btc,bid,0.00108,1.12469,1449514792
65182517,BTC-E,ppc_btc,ppc_btc,bid,0.00108,0.1,1449514792
65182516,BTC-E,ppc_btc,ppc_btc,bid,0.00108,106.692,1449514792
65182084,BTC-E,ppc_btc,ppc_btc,bid,0.00108,42.5844,1449513603
65182083,BTC-E,ppc_btc,ppc_btc,bid,0.00107,1.06105,1449513603
65182082,BTC-E,ppc_btc,ppc_btc,bid,0.00107,6.46482,1449513603
65181677,BTC-E,ppc_btc,ppc_btc,bid,0.00107,2.41772,1449512537
65181658,BTC-E,ppc_btc,ppc_btc,bid,0.00107,1.74364,1449512506
65181657,BTC-E,ppc_btc,ppc_btc,bid,0.00107,1.00059,1449512506
65181656,BTC-E,ppc_btc,ppc_btc,bid,0.00107,5.65971,1449512506
65181549,BTC-E,ppc_btc,ppc_btc,ask,0.00106,158.148,1449512334
65181548,BTC-E,ppc_btc,ppc_btc,ask,0.00106,22.6965,1449512334
65181547,BTC-E,ppc_btc,ppc_btc,ask,0.00106,1.06105,1449512334
65181546,BTC-E,ppc_btc,ppc_btc,ask,0.00106,1.53396,1449512334
65181545,BTC-E,ppc_btc,ppc_btc,ask,0.00106,10.15,1449512333
65181544,BTC-E,ppc_btc,ppc_btc,ask,0.00106,2.0,1449512333
65181543,BTC-E,ppc_btc,ppc_btc,ask,0.00106,2.71762,1449512333
65181542,BTC-E,ppc_btc,ppc_btc,ask,0.00106,49.256,1449512333
65180772,BTC-E,ppc_btc,ppc_btc,bid,0.00107,5.42321,1449510627
65180442,BTC-E,ppc_btc,ppc_btc,ask,0.00106,2.09276,1449509762
65180082,BTC-E,ppc_btc,ppc_btc,ask,0.00106,0.1346,1449508868
65179940,BTC-E,ppc_btc,ppc_btc,ask,0.00106,1.29611,1449508562
65179928,BTC-E,ppc_btc,ppc_btc,ask,0.00106,3.10697,1449508558
65179711,BTC-E,ppc_btc,ppc_btc,ask,0.00106,87.0083,1449508305
65179710,BTC-E,ppc_btc,ppc_btc,ask,0.00106,2.99169,1449508305
65179204,BTC-E,ppc_btc,ppc_btc,bid,0.00108,26.3599,1449506791
65178876,BTC-E,ppc_btc,ppc_btc,bid,0.00108,410.185,1449506426
65178846,BTC-E,ppc_btc,ppc_btc,ask,0.00107,68.0056,1449506382
65178731,BTC-E,ppc_btc,ppc_btc,bid,0.00108,1.57117,1449506284
65178596,BTC-E,ppc_btc,ppc_btc,ask,0.00107,14.2978,1449505898
65178184,BTC-E,ppc_btc,ppc_btc,ask,0.00107,5.66101,1449505001
65178183,BTC-E,ppc_btc,ppc_btc,ask,0.00107,1.14767,1449505001
65177903,BTC-E,ppc_btc,ppc_btc,bid,0.00108,447.323,1449504234
65177902,BTC-E,ppc_btc,ppc_btc,bid,0.00108,1.14161,1449504234
65177901,BTC-E,ppc_btc,ppc_btc,bid,0.00108,51.5358,1449504234
65177864,BTC-E,ppc_btc,ppc_btc,ask,0.00106,4.44341,1449504079
65177863,BTC-E,ppc_btc,ppc_btc,ask,0.00106,19.0114,1449504079
65177862,BTC-E,ppc_btc,ppc_btc,ask,0.00106,6.48517,1449504079
65177365,BTC-E,ppc_btc,ppc_btc,bid,0.00108,34.0148,1449502698
65177364,BTC-E,ppc_btc,ppc_btc,bid,0.00107,1.05535,1449502698
65177119,BTC-E,ppc_btc,ppc_btc,bid,0.00108,1.77395,1449502171
65177085,BTC-E,ppc_btc,ppc_btc,ask,0.00106,4.61996,1449502145
65177084,BTC-E,ppc_btc,ppc_btc,ask,0.00106,1.05535,1449502145
65177083,BTC-E,ppc_btc,ppc_btc,ask,0.00106,1.12469,1449502145
65177082,BTC-E,ppc_btc,ppc_btc,ask,0.00106,0.1,1449502145
65176586,BTC-E,ppc_btc,ppc_btc,ask,0.00107,5.763,1449501253
65176170,BTC-E,ppc_btc,ppc_btc,ask,0.00107,6.07346,1449500695
65175078,BTC-E,ppc_btc,ppc_btc,bid,0.00107,92.5428,1449498393
65175076,BTC-E,ppc_btc,ppc_btc,ask,0.00107,0.277522,1449498393
65175032,BTC-E,ppc_btc,ppc_btc,ask,0.00107,0.864088,1449498333
65193350,BTC-E,ltc_usd,ltc_usd,bid,3.52917,40.2998,1449544561
65193342,BTC-E,ltc_usd,ltc_usd,bid,3.52917,0.723438,1449544498
65193334,BTC-E,ltc_usd,ltc_usd,ask,3.52917,0.964038,1449544475
65193328,BTC-E,ltc_usd,ltc_usd,bid,3.52924,0.399038,1449544466
65193325,BTC-E,ltc_usd,ltc_usd,bid,3.52922,0.401034,1449544466
65193292,BTC-E,ltc_usd,ltc_usd,ask,3.51,0.401034,1449544265
65193290,BTC-E,ltc_usd,ltc_usd,bid,3.51,0.704957,1449544261
65193286,BTC-E,ltc_usd,ltc_usd,ask,3.50992,0.113742,1449544252
65193279,BTC-E,ltc_usd,ltc_usd,ask,3.51,1.75505,1449544251
65193278,BTC-E,ltc_usd,ltc_usd,ask,3.51,50.0,1449544251
65193277,BTC-E,ltc_usd,ltc_usd,ask,3.5101,0.463015,1449544251
65193276,BTC-E,ltc_usd,ltc_usd,ask,3.51011,0.277015,1449544251
65193275,BTC-E,ltc_usd,ltc_usd,ask,3.511,77.1319,1449544251
65193274,BTC-E,ltc_usd,ltc_usd,ask,3.51131,1.28257,1449544251
65193273,BTC-E,ltc_usd,ltc_usd,ask,3.51142,0.306974,1449544251
65193272,BTC-E,ltc_usd,ltc_usd,ask,3.51192,0.277015,1449544251
65193271,BTC-E,ltc_usd,ltc_usd,ask,3.5123,0.11,1449544251
65193270,BTC-E,ltc_usd,ltc_usd,ask,3.51257,0.10098,1449544251
65193269,BTC-E,ltc_usd,ltc_usd,ask,3.51278,23.2199,1449544251
65193268,BTC-E,ltc_usd,ltc_usd,ask,3.51296,0.306666,1449544251
65193267,BTC-E,ltc_usd,ltc_usd,ask,3.51322,0.2424,1449544251
65193266,BTC-E,ltc_usd,ltc_usd,ask,3.51358,0.306666,1449544251
65193265,BTC-E,ltc_usd,ltc_usd,ask,3.51376,0.180731,1449544251
65193264,BTC-E,ltc_usd,ltc_usd,ask,3.51454,0.463015,1449544251
65193263,BTC-E,ltc_usd,ltc_usd,ask,3.515,14.5888,1449544251
65193262,BTC-E,ltc_usd,ltc_usd,ask,3.51602,0.462478,1449544251
65193261,BTC-E,ltc_usd,ltc_usd,ask,3.51621,0.1003,1449544251
65193260,BTC-E,ltc_usd,ltc_usd,ask,3.51679,0.11,1449544251
65193259,BTC-E,ltc_usd,ltc_usd,ask,3.51684,0.306666,1449544251
65193258,BTC-E,ltc_usd,ltc_usd,ask,3.51734,2.99763,1449544251
65193257,BTC-E,ltc_usd,ltc_usd,ask,3.51734,1.21088,1449544251
65193256,BTC-E,ltc_usd,ltc_usd,ask,3.51757,0.306666,1449544251
65193255,BTC-E,ltc_usd,ltc_usd,ask,3.51764,0.100834,1449544251
65193254,BTC-E,ltc_usd,ltc_usd,ask,3.51813,0.306974,1449544251
65193253,BTC-E,ltc_usd,ltc_usd,ask,3.51822,0.285502,1449544251
65193252,BTC-E,ltc_usd,ltc_usd,ask,3.51859,0.306666,1449544251
65193251,BTC-E,ltc_usd,ltc_usd,ask,3.51897,0.463015,1449544251
65193250,BTC-E,ltc_usd,ltc_usd,ask,3.519,0.22,1449544251
65193249,BTC-E,ltc_usd,ltc_usd,ask,3.51936,0.306666,1449544251
65193248,BTC-E,ltc_usd,ltc_usd,ask,3.51991,0.306666,1449544251
65193247,BTC-E,ltc_usd,ltc_usd,ask,3.52121,28.3314,1449544251
65193246,BTC-E,ltc_usd,ltc_usd,ask,3.52391,0.403244,1449544251
65193245,BTC-E,ltc_usd,ltc_usd,ask,3.52754,0.776046,1449544251
65193244,BTC-E,ltc_usd,ltc_usd,ask,3.52809,0.964038,1449544251
65193243,BTC-E,ltc_usd,ltc_usd,ask,3.52872,0.776046,1449544251
65193242,BTC-E,ltc_usd,ltc_usd,ask,3.52872,0.962034,1449544251
65193241,BTC-E,ltc_usd,ltc_usd,ask,3.52915,0.964038,1449544251
65193240,BTC-E,ltc_usd,ltc_usd,ask,3.52943,0.962034,1449544251
65193239,BTC-E,ltc_usd,ltc_usd,ask,3.52953,0.776046,1449544251
65193238,BTC-E,ltc_usd,ltc_usd,ask,3.53308,0.964038,1449544251
65193237,BTC-E,ltc_usd,ltc_usd,ask,3.53308,0.962034,1449544251
65193226,BTC-E,ltc_usd,ltc_usd,bid,3.53,34.7743,1449544216
65193225,BTC-E,ltc_usd,ltc_usd,bid,3.53,28.7092,1449544215
65193224,BTC-E,ltc_usd,ltc_usd,bid,3.52972,0.399038,1449544215
65193217,BTC-E,ltc_usd,ltc_usd,bid,3.53,2.42578,1449544147
65193215,BTC-E,ltc_usd,ltc_usd,bid,3.52958,0.401034,1449544147
65193210,BTC-E,ltc_usd,ltc_usd,bid,3.53,0.1009,1449544101
65193207,BTC-E,ltc_usd,ltc_usd,bid,3.53,0.1293,1449544064
65193206,BTC-E,ltc_usd,ltc_usd,bid,3.52918,0.401034,1449544048
65193205,BTC-E,ltc_usd,ltc_usd,bid,3.53,1.20755,1449544034
65193204,BTC-E,ltc_usd,ltc_usd,bid,3.53,139.454,1449544030
65193203,BTC-E,ltc_usd,ltc_usd,bid,3.53,253.517,1449544030
65193202,BTC-E,ltc_usd,ltc_usd,ask,3.533,0.1713,1449544029
65193199,BTC-E,ltc_usd,ltc_usd,ask,3.52122,8.86386,1449544027
65193198,BTC-E,ltc_usd,ltc_usd,ask,3.52122,1.20911,1449544027
65193197,BTC-E,ltc_usd,ltc_usd,ask,3.52754,0.962034,1449544027
65193194,BTC-E,ltc_usd,ltc_usd,ask,3.52122,14.423,1449544023
65193193,BTC-E,ltc_usd,ltc_usd,bid,3.522,13.9432,1449544019
65193192,BTC-E,ltc_usd,ltc_usd,ask,3.52279,0.343394,1449544019
65193191,BTC-E,ltc_usd,ltc_usd,ask,3.52376,0.343394,1449544019
65193190,BTC-E,ltc_usd,ltc_usd,ask,3.52703,0.964038,1449544019
65193189,BTC-E,ltc_usd,ltc_usd,ask,3.5283,0.403244,1449544019
65193188,BTC-E,ltc_usd,ltc_usd,ask,3.52946,0.403244,1449544019
65193187,BTC-E,ltc_usd,ltc_usd,ask,3.53053,0.400957,1449544019
65193186,BTC-E,ltc_usd,ltc_usd,ask,3.53089,0.400934,1449544019
65193185,BTC-E,ltc_usd,ltc_usd,ask,3.53095,0.400957,1449544019
65193184,BTC-E,ltc_usd,ltc_usd,ask,3.53096,0.962034,1449544019
65193183,BTC-E,ltc_usd,ltc_usd,ask,3.53183,0.400957,1449544019
65193182,BTC-E,ltc_usd,ltc_usd,ask,3.53184,0.961035,1449544019
65193181,BTC-E,ltc_usd,ltc_usd,ask,3.53225,0.400934,1449544019
65193180,BTC-E,ltc_usd,ltc_usd,ask,3.53227,0.400934,1449544019
65193179,BTC-E,ltc_usd,ltc_usd,ask,3.53242,0.964038,1449544019
65193178,BTC-E,ltc_usd,ltc_usd,ask,3.53293,0.403244,1449544019
65193177,BTC-E,ltc_usd,ltc_usd,ask,3.533,0.1368,1449544019
65193176,BTC-E,ltc_usd,ltc_usd,ask,3.53314,0.962034,1449544019
65193175,BTC-E,ltc_usd,ltc_usd,ask,3.53321,0.403244,1449544019
65193174,BTC-E,ltc_usd,ltc_usd,ask,3.53329,0.961035,1449544019
65193173,BTC-E,ltc_usd,ltc_usd,ask,3.53339,2.7911E-4,1449544019
65193172,BTC-E,ltc_usd,ltc_usd,ask,3.53351,0.962034,1449544019
65193171,BTC-E,ltc_usd,ltc_usd,ask,3.53358,1.7832E-4,1449544019
65193170,BTC-E,ltc_usd,ltc_usd,ask,3.53404,0.403244,1449544019
65193169,BTC-E,ltc_usd,ltc_usd,ask,3.53449,0.403244,1449544019
65193168,BTC-E,ltc_usd,ltc_usd,ask,3.5346,0.400957,1449544019
65193167,BTC-E,ltc_usd,ltc_usd,ask,3.53484,0.400934,1449544019
65193166,BTC-E,ltc_usd,ltc_usd,ask,3.5349,2.4411E-4,1449544019
65193158,BTC-E,ltc_usd,ltc_usd,bid,3.535,25.06,1449544011
65193150,BTC-E,ltc_usd,ltc_usd,ask,3.5349,0.403,1449543982
65193149,BTC-E,ltc_usd,ltc_usd,ask,3.53545,3.5E-5,1449543977
65193148,BTC-E,ltc_usd,ltc_usd,ask,3.53594,0.400957,1449543977
65193147,BTC-E,ltc_usd,ltc_usd,ask,3.53607,0.962034,1449543977
65193146,BTC-E,ltc_usd,ltc_usd,ask,3.5362,0.400934,1449543977
65193145,BTC-E,ltc_usd,ltc_usd,ask,3.53699,0.400957,1449543977
65193144,BTC-E,ltc_usd,ltc_usd,ask,3.53732,0.400934,1449543977
65193143,BTC-E,ltc_usd,ltc_usd,ask,3.5377,4.6E-5,1449543977
65193142,BTC-E,ltc_usd,ltc_usd,ask,3.53824,3.5E-5,1449543977
65193141,BTC-E,ltc_usd,ltc_usd,ask,3.5386,3.8E-5,1449543977
65193140,BTC-E,ltc_usd,ltc_usd,ask,3.53866,4.9632E-4,1449543977
65193139,BTC-E,ltc_usd,ltc_usd,ask,3.53917,3.5E-5,1449543976
65193138,BTC-E,ltc_usd,ltc_usd,ask,3.53951,3.8E-5,1449543976
65193137,BTC-E,ltc_usd,ltc_usd,ask,3.53966,4.6E-5,1449543976
65193136,BTC-E,ltc_usd,ltc_usd,ask,3.53971,3.4E-5,1449543976
65193135,BTC-E,ltc_usd,ltc_usd,ask,3.53987,3.8E-5,1449543976
65193134,BTC-E,ltc_usd,ltc_usd,ask,3.53987,0.964,1449543965
65193075,BTC-E,ltc_usd,ltc_usd,bid,3.53989,0.963962,1449543687
65193074,BTC-E,ltc_usd,ltc_usd,bid,3.53973,4.7309,1449543687
65193062,BTC-E,ltc_usd,ltc_usd,ask,3.53973,3.5E-5,1449543656
65193056,BTC-E,ltc_usd,ltc_usd,ask,3.53989,3.8E-5,1449543642
65193055,BTC-E,ltc_usd,ltc_usd,ask,3.53989,0.964,1449543641
65193045,BTC-E,ltc_usd,ltc_usd,bid,3.53996,0.399035,1449543567
65193044,BTC-E,ltc_usd,ltc_usd,bid,3.53981,0.399038,1449543567
65193043,BTC-E,ltc_usd,ltc_usd,bid,3.53978,0.401034,1449543567
65193022,BTC-E,ltc_usd,ltc_usd,ask,3.53973,0.961,1449543376
65193020,BTC-E,ltc_usd,ltc_usd,ask,3.53971,0.962,1449543335
65193019,BTC-E,ltc_usd,ltc_usd,ask,3.53966,0.776,1449543321
65193016,BTC-E,ltc_usd,ltc_usd,ask,3.53951,0.964,1449543271
65193015,BTC-E,ltc_usd,ltc_usd,ask,3.53917,0.961,1449543246
65193011,BTC-E,ltc_usd,ltc_usd,ask,3.53866,0.961538,1449543209
65193010,BTC-E,ltc_usd,ltc_usd,ask,3.53866,0.776046,1449543209
65193009,BTC-E,ltc_usd,ltc_usd,ask,3.53897,4.1632E-4,1449543209
65193008,BTC-E,ltc_usd,ltc_usd,ask,3.53897,13.656,1449543206
65193007,BTC-E,ltc_usd,ltc_usd,bid,3.53933,0.399038,1449543206
65193005,BTC-E,ltc_usd,ltc_usd,ask,3.53897,1.738,1449543199
65193004,BTC-E,ltc_usd,ltc_usd,bid,3.53933,0.001996,1449543196
65193003,BTC-E,ltc_usd,ltc_usd,bid,3.53897,0.34046,1449543196
65193002,BTC-E,ltc_usd,ltc_usd,bid,3.53885,0.399035,1449543196
65193001,BTC-E,ltc_usd,ltc_usd,bid,3.53876,0.399038,1449543196
65192987,BTC-E,ltc_usd,ltc_usd,ask,3.5386,0.964,1449543154
65192985,BTC-E,ltc_usd,ltc_usd,ask,3.53824,0.961,1449543135
65192983,BTC-E,ltc_usd,ltc_usd,ask,3.5377,0.776,1449543125
65192982,BTC-E,ltc_usd,ltc_usd,bid,3.53748,0.399035,1449543107
65192981,BTC-E,ltc_usd,ltc_usd,bid,3.53742,0.399038,1449543107
65192980,BTC-E,ltc_usd,ltc_usd,bid,3.53729,0.564927,1449543107
65192971,BTC-E,ltc_usd,ltc_usd,bid,3.53729,0.399035,1449543090
65192962,BTC-E,ltc_usd,ltc_usd,ask,3.53729,3.8E-5,1449543069
65192960,BTC-E,ltc_usd,ltc_usd,ask,3.53729,0.964,1449543055
65192958,BTC-E,ltc_usd,ltc_usd,bid,3.5385,0.401034,1449543036
65192957,BTC-E,ltc_usd,ltc_usd,ask,3.53545,0.961,1449543028
65192956,BTC-E,ltc_usd,ltc_usd,bid,3.53393,1.16859,1449542981
65192955,BTC-E,ltc_usd,ltc_usd,bid,3.53377,0.276738,1449542981
65192954,BTC-E,ltc_usd,ltc_usd,bid,3.53371,0.399035,1449542981
65193213,BTC-E,usd_rur,usd_rur,bid,68.4,4.60845,1449544129
65192979,BTC-E,usd_rur,usd_rur,ask,67.94,4.27882,1449543098
65192809,BTC-E,usd_rur,usd_rur,bid,67.94,70.7722,1449542138
65192799,BTC-E,usd_rur,usd_rur,ask,67.94,11.9193,1449542138
65192798,BTC-E,usd_rur,usd_rur,ask,67.94,145.836,1449542138
65192706,BTC-E,usd_rur,usd_rur,ask,68.378,9.56968,1449541956
65192705,BTC-E,usd_rur,usd_rur,ask,68.378,77.341,1449541956
65192471,BTC-E,usd_rur,usd_rur,bid,68.4,15.5399,1449541440
65192469,BTC-E,usd_rur,usd_rur,bid,68.4,15.5631,1449541440
65192466,BTC-E,usd_rur,usd_rur,bid,68.4,4.28255,1449541439
65192408,BTC-E,usd_rur,usd_rur,bid,68.4,4.50084,1449541069
65192406,BTC-E,usd_rur,usd_rur,bid,68.39,3.1402,1449541069
65192358,BTC-E,usd_rur,usd_rur,ask,68.378,7.78465,1449540865
65192294,BTC-E,usd_rur,usd_rur,ask,68.378,3.18025,1449540402
65192266,BTC-E,usd_rur,usd_rur,ask,68.378,2.7857,1449540285
65192116,BTC-E,usd_rur,usd_rur,bid,68.4,92.445,1449539684
65192115,BTC-E,usd_rur,usd_rur,bid,68.4,7.45082,1449539684
65192056,BTC-E,usd_rur,usd_rur,ask,68.378,5.84467,1449539390
65191885,BTC-E,usd_rur,usd_rur,bid,68.378,4.544,1449538819
65191779,BTC-E,usd_rur,usd_rur,bid,68.3692,0.132,1449538531
65191642,BTC-E,usd_rur,usd_rur,bid,68.3607,0.1364,1449537946
65191148,BTC-E,usd_rur,usd_rur,ask,67.96,0.11,1449537154
65190931,BTC-E,usd_rur,usd_rur,ask,68.3,2.95E-6,1449536459
65190885,BTC-E,usd_rur,usd_rur,ask,68.3,246.152,1449536093
65190860,BTC-E,usd_rur,usd_rur,ask,68.3,231.032,1449535998
65190838,BTC-E,usd_rur,usd_rur,ask,68.3,37.0,1449535997
65190778,BTC-E,usd_rur,usd_rur,ask,68.3,8.15936,1449535538
65190585,BTC-E,usd_rur,usd_rur,ask,68.3,7.97264,1449534777
65190375,BTC-E,usd_rur,usd_rur,bid,68.398,0.132,1449534088
65190072,BTC-E,usd_rur,usd_rur,ask,68.3,6.31608,1449533528
65189911,BTC-E,usd_rur,usd_rur,ask,68.3,7.65463,1449533194
65189857,BTC-E,usd_rur,usd_rur,ask,68.3,13.1582,1449532581
65189781,BTC-E,usd_rur,usd_rur,ask,68.3,5.1627,1449532227
65189704,BTC-E,usd_rur,usd_rur,bid,68.4,100.0,1449531637
65189699,BTC-E,usd_rur,usd_rur,ask,68.3,5.53,1449531555
65189697,BTC-E,usd_rur,usd_rur,bid,68.398,0.132,1449531470
65189552,BTC-E,usd_rur,usd_rur,ask,68.3,1159.1,1449530940
65189521,BTC-E,usd_rur,usd_rur,ask,68.3,29.94,1449530793
65189356,BTC-E,usd_rur,usd_rur,ask,68.3,4.04666,1449530113
65189260,BTC-E,usd_rur,usd_rur,ask,68.3,6.76687,1449529749
65189098,BTC-E,usd_rur,usd_rur,bid,68.398,0.132,1449529397
65189010,BTC-E,usd_rur,usd_rur,ask,68.3,1.08723,1449528963
65188809,BTC-E,usd_rur,usd_rur,bid,68.4,178.629,1449528417
65188808,BTC-E,usd_rur,usd_rur,bid,68.4,67.6864,1449528417
65188807,BTC-E,usd_rur,usd_rur,bid,68.4,2.22647,1449528417
65188806,BTC-E,usd_rur,usd_rur,bid,68.37,335.179,1449528417
65188449,BTC-E,usd_rur,usd_rur,bid,68.37,323.616,1449527952
65188448,BTC-E,usd_rur,usd_rur,bid,68.3614,0.132,1449527952
65188447,BTC-E,usd_rur,usd_rur,bid,68.353,0.1364,1449527952
65188326,BTC-E,usd_rur,usd_rur,ask,68.3,60.6591,1449527678
65188280,BTC-E,usd_rur,usd_rur,bid,68.3519,0.13728,1449527494
65188089,BTC-E,usd_rur,usd_rur,ask,68.3,0.13988,1449526785
65188076,BTC-E,usd_rur,usd_rur,ask,68.3,0.279761,1449526733
65188065,BTC-E,usd_rur,usd_rur,ask,68.3,0.559522,1449526683
65188050,BTC-E,usd_rur,usd_rur,ask,68.3,1.11904,1449526618
65188044,BTC-E,usd_rur,usd_rur,ask,68.3,19.1708,1449526581
65188026,BTC-E,usd_rur,usd_rur,ask,68.3,20.8011,1449526564
65188022,BTC-E,usd_rur,usd_rur,ask,68.3,2.23809,1449526563
65188017,BTC-E,usd_rur,usd_rur,ask,68.3,4.66387,1449526546
65188000,BTC-E,usd_rur,usd_rur,ask,68.3,19.9066,1449526533
65187971,BTC-E,usd_rur,usd_rur,ask,68.3,2.2925,1449526498
65187970,BTC-E,usd_rur,usd_rur,ask,68.3,2.18367,1449526498
65187966,BTC-E,usd_rur,usd_rur,ask,68.3,0.490833,1449526485
65187965,BTC-E,usd_rur,usd_rur,bid,68.3,98.6,1449526480
65187742,BTC-E,usd_rur,usd_rur,bid,68.3,1.4,1449525597
65187617,BTC-E,usd_rur,usd_rur,bid,68.37,5.32592,1449524965
65187486,BTC-E,usd_rur,usd_rur,ask,68.3614,434.537,1449524056
65187480,BTC-E,usd_rur,usd_rur,bid,68.37,1375.56,1449524018
65187478,BTC-E,usd_rur,usd_rur,bid,68.37,1.45736,1449524018
65187476,BTC-E,usd_rur,usd_rur,bid,68.3614,0.132,1449524018
65187474,BTC-E,usd_rur,usd_rur,bid,68.353,0.1364,1449524018
65187235,BTC-E,usd_rur,usd_rur,bid,68.37,36.1447,1449523421
65187159,BTC-E,usd_rur,usd_rur,bid,68.37,0.201903,1449523250
65187156,BTC-E,usd_rur,usd_rur,bid,68.37,729.424,1449523238
65187155,BTC-E,usd_rur,usd_rur,bid,68.36,12.2432,1449523238
65187154,BTC-E,usd_rur,usd_rur,bid,68.35,379.239,1449523238
65187153,BTC-E,usd_rur,usd_rur,bid,68.3475,250.0,1449523238
65187152,BTC-E,usd_rur,usd_rur,bid,68.3475,1.6946,1449523238
65187151,BTC-E,usd_rur,usd_rur,bid,68.34,0.11,1449523238
65187150,BTC-E,usd_rur,usd_rur,bid,68.34,0.1,1449523238
65187149,BTC-E,usd_rur,usd_rur,bid,68.338,0.11,1449523238
65187148,BTC-E,usd_rur,usd_rur,bid,68.332,0.11,1449523238
65187147,BTC-E,usd_rur,usd_rur,bid,68.332,0.11,1449523238
65187146,BTC-E,usd_rur,usd_rur,bid,68.332,0.11,1449523238
65187145,BTC-E,usd_rur,usd_rur,bid,68.33,1.0,1449523238
65187144,BTC-E,usd_rur,usd_rur,bid,68.33,9.28518,1449523238
65187113,BTC-E,usd_rur,usd_rur,bid,68.33,3.90657,1449523101
65187094,BTC-E,usd_rur,usd_rur,bid,68.33,10.0145,1449523017
65187093,BTC-E,usd_rur,usd_rur,bid,68.324,0.11,1449523017
65187092,BTC-E,usd_rur,usd_rur,bid,68.324,0.11,1449523017
65187090,BTC-E,usd_rur,usd_rur,bid,68.324,0.11,1449523017
65187089,BTC-E,usd_rur,usd_rur,bid,68.3178,0.119193,1449523017
65187088,BTC-E,usd_rur,usd_rur,bid,68.31,0.101884,1449523017
65187087,BTC-E,usd_rur,usd_rur,bid,68.3022,0.132,1449523017
65186728,BTC-E,usd_rur,usd_rur,bid,68.2434,0.1364,1449522627
65185988,BTC-E,usd_rur,usd_rur,ask,67.92,8.77143,1449521664
65185987,BTC-E,usd_rur,usd_rur,ask,67.92,11.9286,1449521664
65185318,BTC-E,usd_rur,usd_rur,bid,68.3,292.615,1449520937
65185317,BTC-E,usd_rur,usd_rur,bid,68.3,35.7315,1449520937
65185316,BTC-E,usd_rur,usd_rur,bid,68.3,2.25185,1449520937
65185315,BTC-E,usd_rur,usd_rur,bid,68.29,217.13,1449520936
65185059,BTC-E,usd_rur,usd_rur,bid,68.29,11.4701,1449520250
65185058,BTC-E,usd_rur,usd_rur,bid,68.28,3.88,1449520250
65185056,BTC-E,usd_rur,usd_rur,bid,68.28,2.10178,1449520249
65185052,BTC-E,usd_rur,usd_rur,bid,68.28,2.17244,1449520248
65185047,BTC-E,usd_rur,usd_rur,bid,68.28,0.72578,1449520247
65185046,BTC-E,usd_rur,usd_rur,bid,68.27,0.1497,1449520247
65185045,BTC-E,usd_rur,usd_rur,bid,68.239,2.0E-8,1449520247
65185043,BTC-E,usd_rur,usd_rur,bid,68.21,0.2145,1449520247
65184725,BTC-E,usd_rur,usd_rur,bid,68.239,0.11,1449519798
65184724,BTC-E,usd_rur,usd_rur,bid,68.239,0.11,1449519798
65184723,BTC-E,usd_rur,usd_rur,bid,68.239,0.11,1449519798
65184722,BTC-E,usd_rur,usd_rur,bid,68.239,0.11,1449519798
65184721,BTC-E,usd_rur,usd_rur,bid,68.221,0.100001,1449519798
65184720,BTC-E,usd_rur,usd_rur,bid,68.2142,0.13838,1449519798
65184601,BTC-E,usd_rur,usd_rur,bid,68.2,0.2994,1449519652
65184600,BTC-E,usd_rur,usd_rur,bid,68.2,28.6181,1449519652
65184599,BTC-E,usd_rur,usd_rur,bid,68.2,103.385,1449519652
65184598,BTC-E,usd_rur,usd_rur,bid,68.2,2.22927,1449519652
65184595,BTC-E,usd_rur,usd_rur,bid,68.1804,0.1419,1449519652
65184593,BTC-E,usd_rur,usd_rur,bid,68.16,3.0,1449519652
65184588,BTC-E,usd_rur,usd_rur,bid,68.16,19.3444,1449519652
65184282,BTC-E,usd_rur,usd_rur,bid,68.0,34.2464,1449519153
65184281,BTC-E,usd_rur,usd_rur,bid,68.0,3.02477,1449519152
65184280,BTC-E,usd_rur,usd_rur,bid,68.0,2.978,1449519151
65184242,BTC-E,usd_rur,usd_rur,bid,68.0,2.2141,1449519007
65184241,BTC-E,usd_rur,usd_rur,bid,68.0,2.55882,1449519007
65184240,BTC-E,usd_rur,usd_rur,bid,68.0,2.25442,1449519006
65184239,BTC-E,usd_rur,usd_rur,bid,68.0,2.14254,1449519005
65184094,BTC-E,usd_rur,usd_rur,ask,68.0,50.5809,1449518843
65183605,BTC-E,usd_rur,usd_rur,bid,68.1568,0.13838,1449518422
65183286,BTC-E,usd_rur,usd_rur,ask,68.0,2.29795,1449517740
65183168,BTC-E,usd_rur,usd_rur,bid,68.16,3.89311,1449516974
65183123,BTC-E,usd_rur,usd_rur,ask,68.0,1.40676,1449516785
65183106,BTC-E,usd_rur,usd_rur,bid,68.1568,0.13838,1449516676
65182995,BTC-E,usd_rur,usd_rur,bid,68.16,2.02459,1449516191
65182954,BTC-E,usd_rur,usd_rur,bid,68.16,0.79989,1449516189
65182952,BTC-E,usd_rur,usd_rur,bid,68.16,0.499,1449516189
65182950,BTC-E,usd_rur,usd_rur,bid,68.15,0.7257,1449516189
65182852,BTC-E,usd_rur,usd_rur,bid,68.15,0.8835,1449516090
65182624,BTC-E,usd_rur,usd_rur,ask,68.0,100.0,1449515295
65182622,BTC-E,usd_rur,usd_rur,ask,68.0,100.0,1449515294
65182621,BTC-E,usd_rur,usd_rur,ask,68.0,100.0,1449515293
65182575,BTC-E,usd_rur,usd_rur,bid,68.1346,0.13838,1449515215
65182376,BTC-E,usd_rur,usd_rur,ask,67.87,120.0,1449514442
65182221,BTC-E,usd_rur,usd_rur,bid,68.104,0.13838,1449514150
65182035,BTC-E,usd_rur,usd_rur,bid,68.06,14.1309,1449513400
65181994,BTC-E,usd_rur,usd_rur,ask,67.8122,0.5,1449513250
65181829,BTC-E,usd_rur,usd_rur,bid,68.1038,0.13838,1449512902
65181632,BTC-E,usd_rur,usd_rur,bid,68.16,558.0,1449512425
65193126,BTC-E,ppc_usd,ppc_usd,ask,0.41,221.556,1449543908
65192917,BTC-E,ppc_usd,ppc_usd,ask,0.411,1.05364,1449542713
65192700,BTC-E,ppc_usd,ppc_usd,bid,0.414,6.74654,1449541927
65192299,BTC-E,ppc_usd,ppc_usd,bid,0.414,6.66362,1449540439
65192298,BTC-E,ppc_usd,ppc_usd,bid,0.414,0.1,1449540439
65192297,BTC-E,ppc_usd,ppc_usd,bid,0.414,0.0779755,1449540439
65191769,BTC-E,ppc_usd,ppc_usd,bid,0.414,5.28379,1449538462
65190987,BTC-E,ppc_usd,ppc_usd,bid,0.414,5.14223,1449536651
65190986,BTC-E,ppc_usd,ppc_usd,bid,0.414,0.174332,1449536651
65190985,BTC-E,ppc_usd,ppc_usd,bid,0.414,0.175,1449536651
65190594,BTC-E,ppc_usd,ppc_usd,ask,0.41,55.1487,1449534859
65190593,BTC-E,ppc_usd,ppc_usd,ask,0.41,0.1003,1449534859
65190592,BTC-E,ppc_usd,ppc_usd,ask,0.41,10.526,1449534859
65190396,BTC-E,ppc_usd,ppc_usd,bid,0.414,277.0,1449534130
65190395,BTC-E,ppc_usd,ppc_usd,bid,0.414,180.915,1449534130
65190073,BTC-E,ppc_usd,ppc_usd,bid,0.414,5.61912,1449533544
65189800,BTC-E,ppc_usd,ppc_usd,ask,0.411,0.17499,1449532365
65189551,BTC-E,ppc_usd,ppc_usd,bid,0.414,5.56026,1449530913
65189265,BTC-E,ppc_usd,ppc_usd,bid,0.414,7.70398,1449529754
65188852,BTC-E,ppc_usd,ppc_usd,bid,0.414,15.6624,1449528613
65188833,BTC-E,ppc_usd,ppc_usd,bid,0.414,0.764839,1449528554
65188832,BTC-E,ppc_usd,ppc_usd,bid,0.414,0.19965,1449528554
65188831,BTC-E,ppc_usd,ppc_usd,bid,0.414,0.1,1449528554
65188830,BTC-E,ppc_usd,ppc_usd,bid,0.414,5.31808,1449528554
65188100,BTC-E,ppc_usd,ppc_usd,bid,0.414,5.18592,1449526797
65187792,BTC-E,ppc_usd,ppc_usd,bid,0.411,0.85,1449525822
65187682,BTC-E,ppc_usd,ppc_usd,ask,0.41,0.1003,1449525182
65187551,BTC-E,ppc_usd,ppc_usd,ask,0.41,10.713,1449524471
65187550,BTC-E,ppc_usd,ppc_usd,ask,0.41,10.526,1449524471
65187448,BTC-E,ppc_usd,ppc_usd,bid,0.415,0.270747,1449523904
65187443,BTC-E,ppc_usd,ppc_usd,bid,0.415,81.9864,1449523888
65187442,BTC-E,ppc_usd,ppc_usd,bid,0.415,0.1,1449523888
65187441,BTC-E,ppc_usd,ppc_usd,bid,0.414,0.1,1449523888
65187440,BTC-E,ppc_usd,ppc_usd,bid,0.414,101.756,1449523888
65187439,BTC-E,ppc_usd,ppc_usd,bid,0.414,10.504,1449523888
65187309,BTC-E,ppc_usd,ppc_usd,bid,0.411,10.582,1449523520
65187303,BTC-E,ppc_usd,ppc_usd,ask,0.407,2.40448,1449523518
65187302,BTC-E,ppc_usd,ppc_usd,ask,0.407,0.888891,1449523518
65187282,BTC-E,ppc_usd,ppc_usd,ask,0.407,3.12837,1449523494
65187281,BTC-E,ppc_usd,ppc_usd,ask,0.411,0.165,1449523494
65187279,BTC-E,ppc_usd,ppc_usd,ask,0.407,3.29337,1449523492
65187278,BTC-E,ppc_usd,ppc_usd,ask,0.407,3.29337,1449523490
65187136,BTC-E,ppc_usd,ppc_usd,ask,0.408,151.783,1449523200
65187135,BTC-E,ppc_usd,ppc_usd,ask,0.408,0.917,1449523200
65186520,BTC-E,ppc_usd,ppc_usd,bid,0.409,220.813,1449522113
65186519,BTC-E,ppc_usd,ppc_usd,ask,0.411,1.628,1449522113
65186508,BTC-E,ppc_usd,ppc_usd,bid,0.411,10.582,1449522077
65186504,BTC-E,ppc_usd,ppc_usd,bid,0.406,0.917,1449522075
65186503,BTC-E,ppc_usd,ppc_usd,ask,0.406,2160.0,1449522075
65186502,BTC-E,ppc_usd,ppc_usd,ask,0.406,117.803,1449522075
65186501,BTC-E,ppc_usd,ppc_usd,ask,0.406,2.7435,1449522075
65186500,BTC-E,ppc_usd,ppc_usd,ask,0.406,2.7435,1449522074
65186499,BTC-E,ppc_usd,ppc_usd,ask,0.406,2.7435,1449522074
65186498,BTC-E,ppc_usd,ppc_usd,ask,0.406,2.7435,1449522074
65186497,BTC-E,ppc_usd,ppc_usd,ask,0.406,2.7435,1449522074
65186496,BTC-E,ppc_usd,ppc_usd,ask,0.406,2.7435,1449522074
65186495,BTC-E,ppc_usd,ppc_usd,ask,0.406,0.1,1449522074
65186494,BTC-E,ppc_usd,ppc_usd,ask,0.406,99.0529,1449522074
65186493,BTC-E,ppc_usd,ppc_usd,ask,0.406,247.446,1449522074
65186492,BTC-E,ppc_usd,ppc_usd,ask,0.407,2.73703,1449522074
65186491,BTC-E,ppc_usd,ppc_usd,ask,0.407,2.73703,1449522074
65186490,BTC-E,ppc_usd,ppc_usd,ask,0.407,2.73703,1449522074
65186489,BTC-E,ppc_usd,ppc_usd,ask,0.407,2.73703,1449522074
65186488,BTC-E,ppc_usd,ppc_usd,ask,0.407,2.73703,1449522074
65186487,BTC-E,ppc_usd,ppc_usd,ask,0.407,2.73703,1449522074
65186486,BTC-E,ppc_usd,ppc_usd,ask,0.407,0.1,1449522074
65186485,BTC-E,ppc_usd,ppc_usd,ask,0.407,10.604,1449522074
65186484,BTC-E,ppc_usd,ppc_usd,ask,0.408,101.96,1449522074
65186483,BTC-E,ppc_usd,ppc_usd,ask,0.408,2.73059,1449522073
65186482,BTC-E,ppc_usd,ppc_usd,ask,0.408,2.73059,1449522073
65186481,BTC-E,ppc_usd,ppc_usd,ask,0.408,2.73059,1449522073
65186480,BTC-E,ppc_usd,ppc_usd,ask,0.408,2.73059,1449522073
65186479,BTC-E,ppc_usd,ppc_usd,ask,0.408,2.73059,1449522073
65186478,BTC-E,ppc_usd,ppc_usd,ask,0.408,2.73059,1449522073
65186477,BTC-E,ppc_usd,ppc_usd,ask,0.408,0.1,1449522073
65186476,BTC-E,ppc_usd,ppc_usd,ask,0.408,0.100372,1449522073
65186475,BTC-E,ppc_usd,ppc_usd,ask,0.408,4.91,1449522073
65186474,BTC-E,ppc_usd,ppc_usd,ask,0.409,2.72418,1449522073
65186473,BTC-E,ppc_usd,ppc_usd,ask,0.409,2.72418,1449522073
65186472,BTC-E,ppc_usd,ppc_usd,ask,0.409,2.72418,1449522073
65186471,BTC-E,ppc_usd,ppc_usd,ask,0.409,2.72418,1449522073
65186470,BTC-E,ppc_usd,ppc_usd,ask,0.409,2.72418,1449522073
