Id,Provenance,Exchange,Symbol_Pair,Type,Price,Volume,Timestamp
627570-BTCUSD,BITFINEX,BTCUSD,BTCUSD,Buy,454.11,3.99015617,1450143557
627569-BTCUSD,BITFINEX,BTCUSD,BTCUSD,Buy,454.0,5.4238672,1450143557
627568-BTCUSD,BITFINEX,BTCUSD,BTCUSD,Buy,454.0,19.5761328,1450143552
627567-BTCUSD,BITFINEX,BTCUSD,BTCUSD,Buy,453.42,0.4,1450143552
627566-BTCUSD,BITFINEX,BTCUSD,BTCUSD,Buy,453.41,0.0238672,1450143552
627565-BTCUSD,BITFINEX,BTCUSD,BTCUSD,Buy,454.11,25.8311968,1450143528
627564-BTCUSD,BITFINEX,BTCUSD,BTCUSD,Buy,454.0,0.02786919,1450143528
627563-BTCUSD,BITFINEX,BTCUSD,BTCUSD,Buy,453.99,0.01669708,1450143528
627562-BTCUSD,BITFINEX,BTCUSD,BTCUSD,Buy,453.9,1.0,1450143528
627561-BTCUSD,BITFINEX,BTCUSD,BTCUSD,Buy,454.0,0.70164366,1450143522
627560-BTCUSD,BITFINEX,BTCUSD,BTCUSD,Buy,453.53,0.019,1450143522
627559-BTCUSD,BITFINEX,BTCUSD,BTCUSD,Buy,453.52,0.07692833,1450143522
627558-BTCUSD,BITFINEX,BTCUSD,BTCUSD,Sell,452.69,0.03960709,1450143513
627557-BTCUSD,BITFINEX,BTCUSD,BTCUSD,Sell,452.69,0.04,1450143512
627556-BTCUSD,BITFINEX,BTCUSD,BTCUSD,Sell,452.7,0.39038746,1450143503
627555-BTCUSD,BITFINEX,BTCUSD,BTCUSD,Sell,452.69,0.1334953,1450143496
627554-BTCUSD,BITFINEX,BTCUSD,BTCUSD,Sell,452.71,1.22342734,1450143496
627553-BTCUSD,BITFINEX,BTCUSD,BTCUSD,Sell,452.73,0.349,1450143496
627552-BTCUSD,BITFINEX,BTCUSD,BTCUSD,Sell,453.53,0.041,1450143496
627551-BTCUSD,BITFINEX,BTCUSD,BTCUSD,Sell,453.53,0.019,1450143492
627550-BTCUSD,BITFINEX,BTCUSD,BTCUSD,Buy,454.0,1.75042349,1450143481
627549-BTCUSD,BITFINEX,BTCUSD,BTCUSD,Sell,452.71,0.27657266,1450143454
627548-BTCUSD,BITFINEX,BTCUSD,BTCUSD,Sell,452.69,0.2765672,1450143430
627547-BTCUSD,BITFINEX,BTCUSD,BTCUSD,Sell,452.7,0.259,1450143426
627546-BTCUSD,BITFINEX,BTCUSD,BTCUSD,Sell,452.7,0.01991712,1450143414
86200-LTCUSD,BITFINEX,LTCUSD,LTCUSD,Sell,3.5797,2.28,1450143553
86199-LTCUSD,BITFINEX,LTCUSD,LTCUSD,Sell,3.5797,3.46,1450143553
86198-LTCUSD,BITFINEX,LTCUSD,LTCUSD,Sell,3.5889,3.46,1450143553
86197-LTCUSD,BITFINEX,LTCUSD,LTCUSD,Sell,3.5982,2.28,1450143553
86196-LTCUSD,BITFINEX,LTCUSD,LTCUSD,Sell,3.5796,2.22,1450143540
86195-LTCUSD,BITFINEX,LTCUSD,LTCUSD,Sell,3.5796,3.3,1450143540
86194-LTCUSD,BITFINEX,LTCUSD,LTCUSD,Sell,3.5887,0.97,1450143540
86193-LTCUSD,BITFINEX,LTCUSD,LTCUSD,Sell,3.5887,3.3,1450143540
86192-LTCUSD,BITFINEX,LTCUSD,LTCUSD,Sell,3.5979,2.22,1450143540
86191-LTCUSD,BITFINEX,LTCUSD,LTCUSD,Buy,3.5999,2.10148097,1450143530
86190-LTCUSD,BITFINEX,LTCUSD,LTCUSD,Sell,3.5797,2.87,1450143529
86189-LTCUSD,BITFINEX,LTCUSD,LTCUSD,Sell,3.5797,3.31,1450143529
86188-LTCUSD,BITFINEX,LTCUSD,LTCUSD,Sell,3.5889,0.51,1450143529
86187-LTCUSD,BITFINEX,LTCUSD,LTCUSD,Sell,3.5889,3.31,1450143529
86186-LTCUSD,BITFINEX,LTCUSD,LTCUSD,Sell,3.5982,2.87,1450143529
86185-LTCUSD,BITFINEX,LTCUSD,LTCUSD,Buy,3.5999,7.57065819,1450143525
86184-LTCUSD,BITFINEX,LTCUSD,LTCUSD,Buy,3.5905,2.10073872,1450143525
86183-LTCUSD,BITFINEX,LTCUSD,LTCUSD,Buy,3.5905,5.01468028,1450143525
86182-LTCUSD,BITFINEX,LTCUSD,LTCUSD,Buy,3.5905,2.1,1450143525
86181-LTCUSD,BITFINEX,LTCUSD,LTCUSD,Buy,3.5704,1.0,1450143513
86180-LTCUSD,BITFINEX,LTCUSD,LTCUSD,Sell,3.5775,1.66,1450143511
86179-LTCUSD,BITFINEX,LTCUSD,LTCUSD,Sell,3.5775,3.14,1450143511
86178-LTCUSD,BITFINEX,LTCUSD,LTCUSD,Sell,3.5873,1.64,1450143511
86177-LTCUSD,BITFINEX,LTCUSD,LTCUSD,Sell,3.5873,3.14,1450143510
86176-LTCUSD,BITFINEX,LTCUSD,LTCUSD,Sell,3.597,1.66,1450143510
49259-LTCBTC,BITFINEX,LTCBTC,LTCBTC,Sell,0.008,2.097278,1450143530
49258-LTCBTC,BITFINEX,LTCBTC,LTCBTC,Sell,0.008,16.75250502,1450143530
49257-LTCBTC,BITFINEX,LTCBTC,LTCBTC,Sell,0.008,4.95088607,1450143513
49256-LTCBTC,BITFINEX,LTCBTC,LTCBTC,Buy,0.007975,7.9591706,1450143511
49255-LTCBTC,BITFINEX,LTCBTC,LTCBTC,Sell,0.00795,10.0,1450142977
49254-LTCBTC,BITFINEX,LTCBTC,LTCBTC,Buy,0.008018,12.06,1450142905
49253-LTCBTC,BITFINEX,LTCBTC,LTCBTC,Sell,0.00795,1.55190735,1450142890
49252-LTCBTC,BITFINEX,LTCBTC,LTCBTC,Sell,0.007964,1.25051865,1450142890
49251-LTCBTC,BITFINEX,LTCBTC,LTCBTC,Sell,0.00799,7.197574,1450142890
49250-LTCBTC,BITFINEX,LTCBTC,LTCBTC,Buy,0.00798,2.06,1450142860
49249-LTCBTC,BITFINEX,LTCBTC,LTCBTC,Buy,0.008,50.96,1450142574
49248-LTCBTC,BITFINEX,LTCBTC,LTCBTC,Buy,0.007975,4.15438215,1450142476
49247-LTCBTC,BITFINEX,LTCBTC,LTCBTC,Buy,0.007975,1.03,1450142407
49246-LTCBTC,BITFINEX,LTCBTC,LTCBTC,Buy,0.007975,2.57,1450142407
49245-LTCBTC,BITFINEX,LTCBTC,LTCBTC,Buy,0.007975,3.78,1450142407
49244-LTCBTC,BITFINEX,LTCBTC,LTCBTC,Buy,0.007975,5.45,1450142407
49243-LTCBTC,BITFINEX,LTCBTC,LTCBTC,Buy,0.007975,10.0,1450142407
49242-LTCBTC,BITFINEX,LTCBTC,LTCBTC,Buy,0.007975,5.0,1450142405
49241-LTCBTC,BITFINEX,LTCBTC,LTCBTC,Sell,0.007964,1.74948135,1450142383
49240-LTCBTC,BITFINEX,LTCBTC,LTCBTC,Sell,0.007964,1.11764865,1450142383
49239-LTCBTC,BITFINEX,LTCBTC,LTCBTC,Buy,0.007975,1.33,1450142378
49238-LTCBTC,BITFINEX,LTCBTC,LTCBTC,Buy,0.007975,2.82,1450142378
49237-LTCBTC,BITFINEX,LTCBTC,LTCBTC,Buy,0.007975,3.83,1450142378
49236-LTCBTC,BITFINEX,LTCBTC,LTCBTC,Buy,0.007975,5.2,1450142378
49235-LTCBTC,BITFINEX,LTCBTC,LTCBTC,Buy,0.007975,1.3,1450142349
86201-LTCUSD,BITFINEX,LTCUSD,LTCUSD,Buy,3.5844,0.15,1450143566
86202-LTCUSD,BITFINEX,LTCUSD,LTCUSD,Buy,3.5905,0.4,1450143566
86203-LTCUSD,BITFINEX,LTCUSD,LTCUSD,Sell,3.5995,2.59,1450143566
86204-LTCUSD,BITFINEX,LTCUSD,LTCUSD,Sell,3.5929,3.26,1450143566
86205-LTCUSD,BITFINEX,LTCUSD,LTCUSD,Sell,3.5929,0.6,1450143566
86206-LTCUSD,BITFINEX,LTCUSD,LTCUSD,Sell,3.5863,3.66,1450143566
86207-LTCUSD,BITFINEX,LTCUSD,LTCUSD,Sell,3.5863,2.04,1450143566
86208-LTCUSD,BITFINEX,LTCUSD,LTCUSD,Sell,3.5797,0.15,1450143566
65512140,BTC-E,btc_eur,btc_eur,bid,409.7,0.0154094,1450143155
65511757,BTC-E,btc_eur,btc_eur,ask,409.13,0.22,1450142382
65511756,BTC-E,btc_eur,btc_eur,ask,409.41,0.12,1450142382
65511755,BTC-E,btc_eur,btc_eur,ask,409.41,0.11,1450142382
65511716,BTC-E,btc_eur,btc_eur,bid,409.7,0.307594,1450142292
65511562,BTC-E,btc_eur,btc_eur,bid,409.7,0.632825,1450141818
65511468,BTC-E,btc_eur,btc_eur,ask,409.7,0.0116271,1450141565
65511464,BTC-E,btc_eur,btc_eur,ask,409.7,0.0116743,1450141558
65511435,BTC-E,btc_eur,btc_eur,ask,409.7,0.0233486,1450141511
65511351,BTC-E,btc_eur,btc_eur,ask,409.7,0.02445,1450141415
65511321,BTC-E,btc_eur,btc_eur,ask,409.7,0.02445,1450141376
65511298,BTC-E,btc_eur,btc_eur,ask,409.7,0.02445,1450141335
65511282,BTC-E,btc_eur,btc_eur,bid,409.5,1.0E-8,1450141303
65511128,BTC-E,btc_eur,btc_eur,bid,409.5,1.60191,1450141008
65511078,BTC-E,btc_eur,btc_eur,bid,409.5,0.12,1450140905
65511043,BTC-E,btc_eur,btc_eur,bid,409.5,0.576665,1450140876
65510983,BTC-E,btc_eur,btc_eur,bid,409.5,0.240401,1450140834
65510960,BTC-E,btc_eur,btc_eur,bid,409.5,1.09415,1450140815
65510909,BTC-E,btc_eur,btc_eur,bid,409.5,0.148126,1450140815
65510658,BTC-E,btc_eur,btc_eur,bid,409.5,1.21874,1450140529
65510656,BTC-E,btc_eur,btc_eur,bid,409.5,0.00176535,1450140529
65510590,BTC-E,btc_eur,btc_eur,bid,409.5,1.00142,1450140446
65510569,BTC-E,btc_eur,btc_eur,bid,409.5,0.0130184,1450140437
65510564,BTC-E,btc_eur,btc_eur,bid,409.5,0.456903,1450140427
65510557,BTC-E,btc_eur,btc_eur,bid,409.5,0.0858925,1450140411
65510552,BTC-E,btc_eur,btc_eur,bid,409.5,0.600851,1450140396
65510547,BTC-E,btc_eur,btc_eur,bid,409.5,1.97535,1450140394
65510538,BTC-E,btc_eur,btc_eur,bid,409.5,0.010016,1450140388
65510535,BTC-E,btc_eur,btc_eur,bid,409.5,0.010016,1450140388
65510528,BTC-E,btc_eur,btc_eur,bid,409.5,0.844769,1450140387
65510526,BTC-E,btc_eur,btc_eur,bid,409.5,0.01,1450140387
65509820,BTC-E,btc_eur,btc_eur,bid,409.499,0.0168049,1450139504
65509537,BTC-E,btc_eur,btc_eur,bid,407.5,0.379393,1450139320
65509534,BTC-E,btc_eur,btc_eur,bid,407.5,0.0100159,1450139320
65509404,BTC-E,btc_eur,btc_eur,bid,407.5,0.487111,1450139318
65509387,BTC-E,btc_eur,btc_eur,bid,407.5,1.75793,1450139318
65509361,BTC-E,btc_eur,btc_eur,bid,407.5,0.0100148,1450139312
65509355,BTC-E,btc_eur,btc_eur,bid,407.5,1.50072,1450139297
65509344,BTC-E,btc_eur,btc_eur,bid,407.5,0.195388,1450139289
65509315,BTC-E,btc_eur,btc_eur,bid,407.5,0.0824149,1450139281
65509297,BTC-E,btc_eur,btc_eur,bid,407.5,0.224396,1450139243
65509272,BTC-E,btc_eur,btc_eur,bid,407.5,0.200272,1450139230
65509269,BTC-E,btc_eur,btc_eur,bid,407.5,0.152344,1450139228
65509268,BTC-E,btc_eur,btc_eur,bid,407.0,1.0E-8,1450139228
65509029,BTC-E,btc_eur,btc_eur,bid,407.0,0.230506,1450139096
65509025,BTC-E,btc_eur,btc_eur,bid,407.0,1.00323,1450139093
65509022,BTC-E,btc_eur,btc_eur,bid,407.0,0.963786,1450139091
65509019,BTC-E,btc_eur,btc_eur,bid,407.0,0.0401107,1450139090
65509015,BTC-E,btc_eur,btc_eur,bid,407.0,2.10957,1450139088
65508838,BTC-E,btc_eur,btc_eur,bid,407.0,0.0372313,1450138969
65508733,BTC-E,btc_eur,btc_eur,bid,407.0,0.1,1450138864
65508731,BTC-E,btc_eur,btc_eur,bid,407.0,0.1,1450138863
65508730,BTC-E,btc_eur,btc_eur,bid,407.0,0.29,1450138863
65508729,BTC-E,btc_eur,btc_eur,bid,407.0,0.11,1450138863
65508585,BTC-E,btc_eur,btc_eur,bid,407.0,0.0155609,1450138672
65508192,BTC-E,btc_eur,btc_eur,ask,405.0,0.0101,1450137645
65508168,BTC-E,btc_eur,btc_eur,bid,405.7,1.0E-8,1450137420
65507989,BTC-E,btc_eur,btc_eur,ask,405.0,0.013345,1450136904
65507988,BTC-E,btc_eur,btc_eur,ask,405.0,0.032489,1450136904
65507987,BTC-E,btc_eur,btc_eur,ask,405.0,0.01003,1450136904
65507876,BTC-E,btc_eur,btc_eur,bid,405.7,0.0569396,1450136807
65507872,BTC-E,btc_eur,btc_eur,bid,405.7,0.170692,1450136806
65507865,BTC-E,btc_eur,btc_eur,bid,405.7,0.170042,1450136806
65507846,BTC-E,btc_eur,btc_eur,bid,405.7,0.236462,1450136805
65507726,BTC-E,btc_eur,btc_eur,bid,405.7,2.54126,1450136697
65507703,BTC-E,btc_eur,btc_eur,bid,405.7,0.182703,1450136660
65507695,BTC-E,btc_eur,btc_eur,bid,405.7,0.0129689,1450136658
65507694,BTC-E,btc_eur,btc_eur,bid,405.7,0.0129689,1450136657
65507686,BTC-E,btc_eur,btc_eur,bid,405.7,2.06181,1450136654
65507685,BTC-E,btc_eur,btc_eur,bid,405.7,0.128643,1450136654
65507663,BTC-E,btc_eur,btc_eur,bid,405.7,0.547871,1450136650
65507637,BTC-E,btc_eur,btc_eur,ask,405.7,0.13,1450136638
65507636,BTC-E,btc_eur,btc_eur,ask,405.7,0.502986,1450136638
65507633,BTC-E,btc_eur,btc_eur,bid,405.7,0.404255,1450136638
65507628,BTC-E,btc_eur,btc_eur,bid,405.7,0.250898,1450136635
65507622,BTC-E,btc_eur,btc_eur,bid,405.7,0.0425876,1450136624
65507614,BTC-E,btc_eur,btc_eur,bid,405.7,0.0663547,1450136617
65507611,BTC-E,btc_eur,btc_eur,bid,405.7,0.343983,1450136606
65507607,BTC-E,btc_eur,btc_eur,bid,405.7,0.0200709,1450136603
65507594,BTC-E,btc_eur,btc_eur,bid,405.7,0.0893245,1450136591
65507588,BTC-E,btc_eur,btc_eur,bid,405.7,0.0742672,1450136585
65507585,BTC-E,btc_eur,btc_eur,bid,405.7,0.168608,1450136582
65507577,BTC-E,btc_eur,btc_eur,bid,405.7,0.355105,1450136576
65507568,BTC-E,btc_eur,btc_eur,bid,405.7,1.79893,1450136564
65507555,BTC-E,btc_eur,btc_eur,bid,405.7,0.0524989,1450136564
65507534,BTC-E,btc_eur,btc_eur,ask,405.7,1.52141,1450136560
65507526,BTC-E,btc_eur,btc_eur,bid,405.7,1.05371,1450136528
65507519,BTC-E,btc_eur,btc_eur,bid,405.7,0.479577,1450136526
65507506,BTC-E,btc_eur,btc_eur,bid,405.7,3.19733,1450136524
65507504,BTC-E,btc_eur,btc_eur,bid,405.7,0.0214961,1450136524
65507502,BTC-E,btc_eur,btc_eur,bid,405.7,0.798994,1450136524
65507501,BTC-E,btc_eur,btc_eur,bid,405.7,0.999246,1450136524
65507500,BTC-E,btc_eur,btc_eur,bid,405.7,0.0215824,1450136524
65507499,BTC-E,btc_eur,btc_eur,bid,405.7,0.0194241,1450136524
65507495,BTC-E,btc_eur,btc_eur,bid,405.7,0.351013,1450136524
65507492,BTC-E,btc_eur,btc_eur,ask,405.701,3.57462,1450136523
65506771,BTC-E,btc_eur,btc_eur,bid,409.82,0.015901,1450135862
65506514,BTC-E,btc_eur,btc_eur,bid,409.829,0.0153604,1450134898
65506205,BTC-E,btc_eur,btc_eur,ask,405.9,1.87,1450133922
65506195,BTC-E,btc_eur,btc_eur,bid,406.191,1.0E-8,1450133872
65505977,BTC-E,btc_eur,btc_eur,bid,406.191,0.622108,1450133380
65505970,BTC-E,btc_eur,btc_eur,bid,406.191,0.246826,1450133378
65505967,BTC-E,btc_eur,btc_eur,bid,406.191,0.0110563,1450133362
65505964,BTC-E,btc_eur,btc_eur,bid,406.191,0.2,1450133361
65505963,BTC-E,btc_eur,btc_eur,bid,406.191,0.0100156,1450133318
65505958,BTC-E,btc_eur,btc_eur,bid,406.191,0.0110551,1450133300
65505950,BTC-E,btc_eur,btc_eur,bid,406.191,0.312507,1450133280
65505946,BTC-E,btc_eur,btc_eur,bid,406.191,0.569051,1450133280
65505945,BTC-E,btc_eur,btc_eur,ask,406.191,0.017381,1450133279
65505875,BTC-E,btc_eur,btc_eur,bid,406.813,1.0E-8,1450133040
65505852,BTC-E,btc_eur,btc_eur,bid,406.813,2.93013,1450132996
65505804,BTC-E,btc_eur,btc_eur,bid,406.813,0.0131122,1450132843
65505753,BTC-E,btc_eur,btc_eur,bid,406.813,0.0175268,1450132310
65505744,BTC-E,btc_eur,btc_eur,bid,406.813,0.0121919,1450132230
65505729,BTC-E,btc_eur,btc_eur,bid,406.813,0.0160373,1450132150
65505728,BTC-E,btc_eur,btc_eur,ask,406.813,0.011,1450132138
65505722,BTC-E,btc_eur,btc_eur,bid,406.85,1.34284,1450132110
65505721,BTC-E,btc_eur,btc_eur,bid,406.85,1.64616,1450132110
65505720,BTC-E,btc_eur,btc_eur,ask,406.85,0.011,1450132109
65505712,BTC-E,btc_eur,btc_eur,bid,406.92,0.691779,1450132089
65505711,BTC-E,btc_eur,btc_eur,bid,406.92,1.29722,1450132089
65505710,BTC-E,btc_eur,btc_eur,ask,406.92,0.011,1450132088
65505708,BTC-E,btc_eur,btc_eur,bid,406.976,1.989,1450132067
65505707,BTC-E,btc_eur,btc_eur,ask,406.976,0.011,1450132067
65505694,BTC-E,btc_eur,btc_eur,ask,407.0,0.01003,1450131977
65505532,BTC-E,btc_eur,btc_eur,ask,407.2,0.736057,1450131002
65504997,BTC-E,btc_eur,btc_eur,bid,407.2,0.00652533,1450129813
65504996,BTC-E,btc_eur,btc_eur,ask,407.2,0.0276965,1450129812
65504896,BTC-E,btc_eur,btc_eur,bid,410.6,4.5,1450129275
65504716,BTC-E,btc_eur,btc_eur,bid,410.8,0.29291,1450128638
65504655,BTC-E,btc_eur,btc_eur,bid,410.75,0.0150317,1450128418
65504386,BTC-E,btc_eur,btc_eur,bid,410.8,1.51081,1450127475
65504385,BTC-E,btc_eur,btc_eur,bid,410.75,0.15,1450127475
65504384,BTC-E,btc_eur,btc_eur,bid,410.734,0.00196397,1450127475
65504383,BTC-E,btc_eur,btc_eur,bid,410.656,1.98864,1450127475
65503989,BTC-E,btc_eur,btc_eur,ask,407.2,0.7709,1450126752
65503985,BTC-E,btc_eur,btc_eur,bid,410.66,1.2173,1450126743
65503882,BTC-E,btc_eur,btc_eur,ask,410.547,0.487201,1450126234
65503879,BTC-E,btc_eur,btc_eur,bid,410.547,0.0127993,1450126234
65503742,BTC-E,btc_eur,btc_eur,bid,409.49,0.1,1450125673
65503697,BTC-E,btc_eur,btc_eur,ask,407.2,0.0346145,1450125497
65503696,BTC-E,btc_eur,btc_eur,ask,407.2,0.0486265,1450125497
65503695,BTC-E,btc_eur,btc_eur,ask,407.2,0.016759,1450125497
65503406,BTC-E,btc_eur,btc_eur,ask,407.2,0.64,1450124586
65503402,BTC-E,btc_eur,btc_eur,ask,407.2,0.0191056,1450124584
65503329,BTC-E,btc_eur,btc_eur,ask,407.2,0.0172257,1450124414
65503022,BTC-E,btc_eur,btc_eur,ask,410.0,1.28586,1450123478
65503021,BTC-E,btc_eur,btc_eur,bid,410.0,0.036942,1450123476
65502925,BTC-E,btc_eur,btc_eur,ask,409.99,0.0367828,1450123322
65502924,BTC-E,btc_eur,btc_eur,ask,409.99,0.0169567,1450123320
65512154,BTC-E,nvc_btc,nvc_btc,ask,0.00211,77.0255,1450143179
65512086,BTC-E,nvc_btc,nvc_btc,ask,0.00211,0.705838,1450142962
65511871,BTC-E,nvc_btc,nvc_btc,ask,0.00211,0.155508,1450142561
65510442,BTC-E,nvc_btc,nvc_btc,ask,0.00212,0.100237,1450140386
65509540,BTC-E,nvc_btc,nvc_btc,bid,0.00213,1.00199,1450139322
65508472,BTC-E,nvc_btc,nvc_btc,bid,0.00215,0.9551,1450138287
65508471,BTC-E,nvc_btc,nvc_btc,bid,0.00215,0.905411,1450138287
65505564,BTC-E,nvc_btc,nvc_btc,bid,0.00215,13.9826,1450131354
65505563,BTC-E,nvc_btc,nvc_btc,bid,0.00215,0.1,1450131354
65505562,BTC-E,nvc_btc,nvc_btc,bid,0.00215,0.1,1450131354
65505561,BTC-E,nvc_btc,nvc_btc,bid,0.00214,0.1,1450131354
65505560,BTC-E,nvc_btc,nvc_btc,bid,0.00214,5.3561,1450131354
65505506,BTC-E,nvc_btc,nvc_btc,ask,0.00211,4.79917,1450130823
65505505,BTC-E,nvc_btc,nvc_btc,ask,0.00212,5.20083,1450130823
65505489,BTC-E,nvc_btc,nvc_btc,ask,0.00211,4.42609,1450130745
65505488,BTC-E,nvc_btc,nvc_btc,ask,0.00212,0.47999,1450130745
65505487,BTC-E,nvc_btc,nvc_btc,ask,0.00212,5.09391,1450130745
65504558,BTC-E,nvc_btc,nvc_btc,ask,0.00212,0.65178,1450127854
65503771,BTC-E,nvc_btc,nvc_btc,ask,0.00212,76.2735,1450125748
65503586,BTC-E,nvc_btc,nvc_btc,ask,0.00212,24.2672,1450125229
65503291,BTC-E,nvc_btc,nvc_btc,ask,0.00212,5.91,1450124231
65503130,BTC-E,nvc_btc,nvc_btc,bid,0.00214,0.142935,1450123800
65502723,BTC-E,nvc_btc,nvc_btc,ask,0.00212,5.04484,1450123125
65501935,BTC-E,nvc_btc,nvc_btc,bid,0.00214,2.73832,1450121182
65501905,BTC-E,nvc_btc,nvc_btc,bid,0.00214,0.102095,1450121100
65500787,BTC-E,nvc_btc,nvc_btc,ask,0.00212,270.0,1450118569
65500449,BTC-E,nvc_btc,nvc_btc,ask,0.00212,9.48315,1450117941
65500401,BTC-E,nvc_btc,nvc_btc,ask,0.00212,1.6781,1450117706
65500283,BTC-E,nvc_btc,nvc_btc,bid,0.00213,11.6177,1450117366
65500137,BTC-E,nvc_btc,nvc_btc,ask,0.00212,148.703,1450117104
65500136,BTC-E,nvc_btc,nvc_btc,ask,0.00212,1.29747,1450117104
65500094,BTC-E,nvc_btc,nvc_btc,bid,0.00214,0.14,1450116961
65500072,BTC-E,nvc_btc,nvc_btc,bid,0.00214,0.15,1450116930
65499954,BTC-E,nvc_btc,nvc_btc,ask,0.00212,0.522074,1450116651
65495797,BTC-E,nvc_btc,nvc_btc,bid,0.00214,13.9178,1450110849
65495791,BTC-E,nvc_btc,nvc_btc,bid,0.00214,1.0,1450110813
65495693,BTC-E,nvc_btc,nvc_btc,ask,0.00211,3.72058,1450110435
65495690,BTC-E,nvc_btc,nvc_btc,ask,0.00211,5.49859,1450110413
65495689,BTC-E,nvc_btc,nvc_btc,ask,0.00211,52.7917,1450110413
65495688,BTC-E,nvc_btc,nvc_btc,ask,0.00211,0.101,1450110413
65495687,BTC-E,nvc_btc,nvc_btc,ask,0.00211,0.100237,1450110413
65495686,BTC-E,nvc_btc,nvc_btc,ask,0.00211,0.1,1450110413
65495677,BTC-E,nvc_btc,nvc_btc,ask,0.00212,0.6393,1450110412
65495676,BTC-E,nvc_btc,nvc_btc,ask,0.00212,1.0031,1450110412
65495518,BTC-E,nvc_btc,nvc_btc,bid,0.00214,0.288121,1450109932
65495088,BTC-E,nvc_btc,nvc_btc,bid,0.00213,0.832507,1450108810
65494830,BTC-E,nvc_btc,nvc_btc,bid,0.00214,1.40684,1450108437
65494825,BTC-E,nvc_btc,nvc_btc,bid,0.00214,1.40684,1450108437
65494821,BTC-E,nvc_btc,nvc_btc,bid,0.00214,1.06632,1450108435
65494814,BTC-E,nvc_btc,nvc_btc,bid,0.00214,1.19864,1450108434
65494805,BTC-E,nvc_btc,nvc_btc,bid,0.00214,1.40575,1450108433
65494797,BTC-E,nvc_btc,nvc_btc,bid,0.00214,1.36424,1450108431
65494794,BTC-E,nvc_btc,nvc_btc,bid,0.00214,1.36424,1450108430
65494786,BTC-E,nvc_btc,nvc_btc,bid,0.00214,1.40534,1450108428
65494779,BTC-E,nvc_btc,nvc_btc,bid,0.00214,1.36424,1450108427
65494766,BTC-E,nvc_btc,nvc_btc,bid,0.00214,1.39368,1450108389
65494717,BTC-E,nvc_btc,nvc_btc,bid,0.00214,0.141734,1450108318
65494678,BTC-E,nvc_btc,nvc_btc,bid,0.00214,0.141734,1450108253
65492466,BTC-E,nvc_btc,nvc_btc,bid,0.00214,2.14026,1450103863
65491597,BTC-E,nvc_btc,nvc_btc,bid,0.00215,0.759888,1450101635
65491596,BTC-E,nvc_btc,nvc_btc,bid,0.00214,0.240112,1450101635
65491586,BTC-E,nvc_btc,nvc_btc,bid,0.00214,2.0,1450101610
65491554,BTC-E,nvc_btc,nvc_btc,ask,0.00212,3.0,1450101541
65491550,BTC-E,nvc_btc,nvc_btc,ask,0.00212,1.0,1450101515
65490639,BTC-E,nvc_btc,nvc_btc,bid,0.00214,0.230204,1450099562
65489003,BTC-E,nvc_btc,nvc_btc,bid,0.00215,0.17017,1450096139
65484748,BTC-E,nvc_btc,nvc_btc,ask,0.00212,10.7965,1450088005
65484747,BTC-E,nvc_btc,nvc_btc,ask,0.00212,0.667222,1450088005
65484746,BTC-E,nvc_btc,nvc_btc,ask,0.00212,0.1,1450088005
65484745,BTC-E,nvc_btc,nvc_btc,ask,0.00212,0.100237,1450088005
65484744,BTC-E,nvc_btc,nvc_btc,ask,0.00213,0.1,1450088005
65484743,BTC-E,nvc_btc,nvc_btc,ask,0.00213,6.28947,1450088005
65484742,BTC-E,nvc_btc,nvc_btc,ask,0.00213,3.14474,1450088005
65484741,BTC-E,nvc_btc,nvc_btc,ask,0.00213,6.59312,1450088005
65484740,BTC-E,nvc_btc,nvc_btc,ask,0.00213,0.100237,1450088005
65484739,BTC-E,nvc_btc,nvc_btc,ask,0.00214,0.1,1450088005
65484738,BTC-E,nvc_btc,nvc_btc,ask,0.00214,0.100237,1450088005
65484378,BTC-E,nvc_btc,nvc_btc,ask,0.00215,24.2477,1450087462
65483839,BTC-E,nvc_btc,nvc_btc,ask,0.00215,22.3366,1450086244
65483838,BTC-E,nvc_btc,nvc_btc,ask,0.00215,0.1,1450086244
65483837,BTC-E,nvc_btc,nvc_btc,ask,0.00215,0.100237,1450086244
65483836,BTC-E,nvc_btc,nvc_btc,ask,0.00216,3.21E-6,1450086244
65483268,BTC-E,nvc_btc,nvc_btc,ask,0.00216,5.24094,1450085982
65483198,BTC-E,nvc_btc,nvc_btc,ask,0.00216,0.392977,1450085970
65483074,BTC-E,nvc_btc,nvc_btc,ask,0.00216,2.81856,1450085781
65483068,BTC-E,nvc_btc,nvc_btc,ask,0.00216,2.81856,1450085781
65482968,BTC-E,nvc_btc,nvc_btc,ask,0.00216,4.63453,1450085488
65482475,BTC-E,nvc_btc,nvc_btc,ask,0.00216,5.39679,1450084445
65479868,BTC-E,nvc_btc,nvc_btc,ask,0.00216,10.2635,1450080975
65478523,BTC-E,nvc_btc,nvc_btc,ask,0.00216,8.43414,1450076148
65478522,BTC-E,nvc_btc,nvc_btc,ask,0.00216,0.100237,1450076148
65477276,BTC-E,nvc_btc,nvc_btc,bid,0.00219,14.0065,1450072964
65477275,BTC-E,nvc_btc,nvc_btc,bid,0.00219,0.1,1450072964
65477274,BTC-E,nvc_btc,nvc_btc,bid,0.00219,0.1,1450072949
65477273,BTC-E,nvc_btc,nvc_btc,bid,0.00219,20.0,1450072949
65477272,BTC-E,nvc_btc,nvc_btc,bid,0.00219,0.1,1450072949
65477271,BTC-E,nvc_btc,nvc_btc,bid,0.00219,27.39,1450072949
65477270,BTC-E,nvc_btc,nvc_btc,bid,0.00219,0.166873,1450072949
65477269,BTC-E,nvc_btc,nvc_btc,bid,0.00219,6.5,1450072949
65477266,BTC-E,nvc_btc,nvc_btc,bid,0.00218,0.1,1450072934
65477265,BTC-E,nvc_btc,nvc_btc,bid,0.00218,18.5873,1450072934
65477264,BTC-E,nvc_btc,nvc_btc,bid,0.00218,0.1,1450072934
65477260,BTC-E,nvc_btc,nvc_btc,bid,0.00217,3.51707,1450072921
65477193,BTC-E,nvc_btc,nvc_btc,bid,0.00217,0.393451,1450072548
65477009,BTC-E,nvc_btc,nvc_btc,bid,0.00217,6.08947,1450071168
65477007,BTC-E,nvc_btc,nvc_btc,bid,0.00217,0.1,1450071168
65477006,BTC-E,nvc_btc,nvc_btc,bid,0.00217,0.1,1450071168
65476969,BTC-E,nvc_btc,nvc_btc,bid,0.00216,5.50163,1450070988
65476966,BTC-E,nvc_btc,nvc_btc,bid,0.00216,0.787847,1450070988
65476935,BTC-E,nvc_btc,nvc_btc,bid,0.00216,5.65308,1450070868
65476931,BTC-E,nvc_btc,nvc_btc,bid,0.00216,0.678025,1450070868
65476915,BTC-E,nvc_btc,nvc_btc,bid,0.00216,3.14474,1450070832
65476713,BTC-E,nvc_btc,nvc_btc,bid,0.00216,6.59312,1450069190
65476712,BTC-E,nvc_btc,nvc_btc,bid,0.00216,5.0,1450069190
65476711,BTC-E,nvc_btc,nvc_btc,bid,0.00216,0.1,1450069190
65476440,BTC-E,nvc_btc,nvc_btc,ask,0.00212,76.4328,1450067700
65476439,BTC-E,nvc_btc,nvc_btc,ask,0.00212,45.5433,1450067700
65476438,BTC-E,nvc_btc,nvc_btc,ask,0.00213,17.3001,1450067700
65476437,BTC-E,nvc_btc,nvc_btc,ask,0.00213,0.100237,1450067700
65476433,BTC-E,nvc_btc,nvc_btc,ask,0.00214,9.6,1450067660
65476432,BTC-E,nvc_btc,nvc_btc,ask,0.00214,0.100237,1450067660
65476425,BTC-E,nvc_btc,nvc_btc,bid,0.00217,9.6,1450067606
65476424,BTC-E,nvc_btc,nvc_btc,bid,0.00217,0.1,1450067606
65476423,BTC-E,nvc_btc,nvc_btc,bid,0.00216,0.1,1450067606
65476422,BTC-E,nvc_btc,nvc_btc,bid,0.00216,0.1,1450067606
65476421,BTC-E,nvc_btc,nvc_btc,bid,0.00215,0.1,1450067606
65476221,BTC-E,nvc_btc,nvc_btc,ask,0.00214,0.4393,1450065677
65476205,BTC-E,nvc_btc,nvc_btc,ask,0.00212,6.53366,1450065658
65476204,BTC-E,nvc_btc,nvc_btc,ask,0.00212,0.100237,1450065658
65476203,BTC-E,nvc_btc,nvc_btc,ask,0.00212,0.1,1450065658
65476202,BTC-E,nvc_btc,nvc_btc,ask,0.00213,59.1394,1450065658
65476201,BTC-E,nvc_btc,nvc_btc,ask,0.00213,13.6546,1450065658
65476200,BTC-E,nvc_btc,nvc_btc,ask,0.00213,0.1,1450065658
65476199,BTC-E,nvc_btc,nvc_btc,ask,0.00213,0.1,1450065658
65476198,BTC-E,nvc_btc,nvc_btc,ask,0.00213,0.100237,1450065658
65476196,BTC-E,nvc_btc,nvc_btc,ask,0.00214,0.73128,1450065658
65476195,BTC-E,nvc_btc,nvc_btc,ask,0.00214,19.2405,1450065658
65476165,BTC-E,nvc_btc,nvc_btc,ask,0.00214,0.75947,1450065391
65476164,BTC-E,nvc_btc,nvc_btc,ask,0.00214,9.9,1450065391
65476163,BTC-E,nvc_btc,nvc_btc,ask,0.00214,5.1055,1450065391
65476162,BTC-E,nvc_btc,nvc_btc,ask,0.00214,0.1,1450065391
65476161,BTC-E,nvc_btc,nvc_btc,ask,0.00214,0.100237,1450065391
65474618,BTC-E,nvc_btc,nvc_btc,bid,0.00215,7.5E-7,1450061258
65474611,BTC-E,nvc_btc,nvc_btc,bid,0.00215,1.79969,1450061258
65474601,BTC-E,nvc_btc,nvc_btc,bid,0.00215,2.21431,1450061256
65474597,BTC-E,nvc_btc,nvc_btc,bid,0.00215,57.8152,1450061256
65474594,BTC-E,nvc_btc,nvc_btc,ask,0.00215,0.1,1450061256
65474593,BTC-E,nvc_btc,nvc_btc,ask,0.00215,20.0,1450061256
65474592,BTC-E,nvc_btc,nvc_btc,ask,0.00215,4.58146,1450061256
65474591,BTC-E,nvc_btc,nvc_btc,ask,0.00215,0.433693,1450061256
65512271,BTC-E,nmc_usd,nmc_usd,bid,0.437,0.265,1450143550
65512260,BTC-E,nmc_usd,nmc_usd,bid,0.437,0.268,1450143513
65512251,BTC-E,nmc_usd,nmc_usd,bid,0.437,0.303,1450143475
65512244,BTC-E,nmc_usd,nmc_usd,bid,0.437,0.295,1450143438
65512236,BTC-E,nmc_usd,nmc_usd,bid,0.437,0.194,1450143402
65512206,BTC-E,nmc_usd,nmc_usd,bid,0.437,0.229,1450143365
65512201,BTC-E,nmc_usd,nmc_usd,bid,0.437,0.277,1450143329
65512181,BTC-E,nmc_usd,nmc_usd,bid,0.437,0.368,1450143293
65512180,BTC-E,nmc_usd,nmc_usd,bid,0.437,0.468,1450143257
65512166,BTC-E,nmc_usd,nmc_usd,bid,0.437,0.709,1450143220
65512160,BTC-E,nmc_usd,nmc_usd,bid,0.437,0.916,1450143183
65512138,BTC-E,nmc_usd,nmc_usd,bid,0.437,0.976,1450143145
65512131,BTC-E,nmc_usd,nmc_usd,ask,0.434,1.604,1450143138
65512129,BTC-E,nmc_usd,nmc_usd,ask,0.434,1.102,1450143138
65512124,BTC-E,nmc_usd,nmc_usd,bid,0.437,0.746,1450143107
65512122,BTC-E,nmc_usd,nmc_usd,bid,0.437,0.879,1450143071
65512109,BTC-E,nmc_usd,nmc_usd,bid,0.437,1.1,1450143035
65512096,BTC-E,nmc_usd,nmc_usd,bid,0.438,1.291,1450142998
65512088,BTC-E,nmc_usd,nmc_usd,ask,0.439,1.516,1450142962
65511886,BTC-E,nmc_usd,nmc_usd,ask,0.439,0.814,1450142601
65511869,BTC-E,nmc_usd,nmc_usd,bid,0.439,0.334,1450142561
65511868,BTC-E,nmc_usd,nmc_usd,bid,0.439,0.642,1450142561
65511827,BTC-E,nmc_usd,nmc_usd,bid,0.438,1.153,1450142524
65511798,BTC-E,nmc_usd,nmc_usd,bid,0.438,0.952,1450142485
65511764,BTC-E,nmc_usd,nmc_usd,bid,0.438,0.921,1450142449
65511759,BTC-E,nmc_usd,nmc_usd,bid,0.438,1.022,1450142414
65511754,BTC-E,nmc_usd,nmc_usd,bid,0.438,1.237,1450142378
65511732,BTC-E,nmc_usd,nmc_usd,bid,0.438,1.421,1450142341
65511731,BTC-E,nmc_usd,nmc_usd,bid,0.438,1.577,1450142305
65511715,BTC-E,nmc_usd,nmc_usd,ask,0.439,0.958,1450142273
65511714,BTC-E,nmc_usd,nmc_usd,ask,0.439,1.1,1450142272
65511711,BTC-E,nmc_usd,nmc_usd,ask,0.434,1.203,1450142267
65511710,BTC-E,nmc_usd,nmc_usd,ask,0.434,1.604,1450142267
65511709,BTC-E,nmc_usd,nmc_usd,ask,0.434,1.102,1450142267
65511708,BTC-E,nmc_usd,nmc_usd,ask,0.435,1.604,1450142267
65511707,BTC-E,nmc_usd,nmc_usd,ask,0.435,1.102,1450142267
65511706,BTC-E,nmc_usd,nmc_usd,ask,0.436,18.0112,1450142267
65511705,BTC-E,nmc_usd,nmc_usd,ask,0.436,1.102,1450142267
65511686,BTC-E,nmc_usd,nmc_usd,bid,0.438,1.794,1450142234
65511684,BTC-E,nmc_usd,nmc_usd,bid,0.438,2.115,1450142198
65511674,BTC-E,nmc_usd,nmc_usd,bid,0.438,2.473,1450142162
65511661,BTC-E,nmc_usd,nmc_usd,ask,0.439,2.902,1450142139
65511656,BTC-E,nmc_usd,nmc_usd,bid,0.438,2.25,1450142115
65511651,BTC-E,nmc_usd,nmc_usd,bid,0.438,3.424,1450142090
65511650,BTC-E,nmc_usd,nmc_usd,ask,0.439,4.06,1450142080
65511323,BTC-E,nmc_usd,nmc_usd,ask,0.439,3.967,1450141389
65511072,BTC-E,nmc_usd,nmc_usd,bid,0.438,2.174,1450140892
65511060,BTC-E,nmc_usd,nmc_usd,ask,0.439,2.557,1450140882
65511012,BTC-E,nmc_usd,nmc_usd,bid,0.438,207.1,1450140837
65511003,BTC-E,nmc_usd,nmc_usd,bid,0.438,207.1,1450140837
65510978,BTC-E,nmc_usd,nmc_usd,bid,0.438,2.979,1450140819
65510841,BTC-E,nmc_usd,nmc_usd,ask,0.439,3.297,1450140784
65510839,BTC-E,nmc_usd,nmc_usd,ask,0.439,3.843,1450140766
65510685,BTC-E,nmc_usd,nmc_usd,bid,0.441,1.65175,1450140576
65510684,BTC-E,nmc_usd,nmc_usd,bid,0.44,1.9,1450140576
65510683,BTC-E,nmc_usd,nmc_usd,bid,0.44,1.6,1450140576
65510682,BTC-E,nmc_usd,nmc_usd,bid,0.44,0.104663,1450140576
65510681,BTC-E,nmc_usd,nmc_usd,bid,0.44,1.1,1450140576
65510680,BTC-E,nmc_usd,nmc_usd,bid,0.44,1.1,1450140576
65510679,BTC-E,nmc_usd,nmc_usd,bid,0.44,1.2,1450140576
65510678,BTC-E,nmc_usd,nmc_usd,bid,0.44,0.2,1450140576
65510677,BTC-E,nmc_usd,nmc_usd,bid,0.44,0.2,1450140576
65510676,BTC-E,nmc_usd,nmc_usd,bid,0.44,0.2,1450140576
65510675,BTC-E,nmc_usd,nmc_usd,bid,0.44,2.89167,1450140576
65510644,BTC-E,nmc_usd,nmc_usd,ask,0.439,4.789,1450140507
65510115,BTC-E,nmc_usd,nmc_usd,ask,0.439,2.017,1450140003
65510060,BTC-E,nmc_usd,nmc_usd,bid,0.439,0.551,1450139824
65510014,BTC-E,nmc_usd,nmc_usd,bid,0.438,2.296,1450139788
65509999,BTC-E,nmc_usd,nmc_usd,bid,0.438,1.711,1450139751
65509983,BTC-E,nmc_usd,nmc_usd,bid,0.439,1.049,1450139715
65509982,BTC-E,nmc_usd,nmc_usd,bid,0.439,1.1,1450139715
65509956,BTC-E,nmc_usd,nmc_usd,bid,0.438,2.6,1450139678
65509937,BTC-E,nmc_usd,nmc_usd,bid,0.438,2.271,1450139641
65509936,BTC-E,nmc_usd,nmc_usd,bid,0.438,0.71,1450139641
65509892,BTC-E,nmc_usd,nmc_usd,bid,0.437,3.488,1450139604
65509837,BTC-E,nmc_usd,nmc_usd,bid,0.438,0.89,1450139568
65509836,BTC-E,nmc_usd,nmc_usd,bid,0.438,1.2,1450139568
65509835,BTC-E,nmc_usd,nmc_usd,bid,0.438,1.1,1450139568
65509828,BTC-E,nmc_usd,nmc_usd,bid,0.437,0.904,1450139532
65509827,BTC-E,nmc_usd,nmc_usd,bid,0.437,1.594,1450139532
65509812,BTC-E,nmc_usd,nmc_usd,bid,0.437,0.006,1450139495
65509811,BTC-E,nmc_usd,nmc_usd,bid,0.437,1.085,1450139495
65509802,BTC-E,nmc_usd,nmc_usd,bid,0.436,1.368,1450139458
65509767,BTC-E,nmc_usd,nmc_usd,bid,0.436,1.639,1450139422
65509756,BTC-E,nmc_usd,nmc_usd,bid,0.437,0.115,1450139386
65509755,BTC-E,nmc_usd,nmc_usd,bid,0.437,1.1,1450139386
65509754,BTC-E,nmc_usd,nmc_usd,bid,0.436,1.1,1450139386
65509702,BTC-E,nmc_usd,nmc_usd,ask,0.431,1.36314,1450139365
65509699,BTC-E,nmc_usd,nmc_usd,ask,0.432,1.842,1450139360
65509698,BTC-E,nmc_usd,nmc_usd,ask,0.432,1.909,1450139360
65509697,BTC-E,nmc_usd,nmc_usd,ask,0.432,1.203,1450139360
65509696,BTC-E,nmc_usd,nmc_usd,ask,0.432,1.102,1450139360
65509695,BTC-E,nmc_usd,nmc_usd,ask,0.432,1.604,1450139360
65509694,BTC-E,nmc_usd,nmc_usd,ask,0.432,1.102,1450139360
65509693,BTC-E,nmc_usd,nmc_usd,ask,0.433,1.102,1450139360
65509692,BTC-E,nmc_usd,nmc_usd,ask,0.433,1.203,1450139360
65509691,BTC-E,nmc_usd,nmc_usd,ask,0.433,1.604,1450139360
65509690,BTC-E,nmc_usd,nmc_usd,ask,0.433,84.0,1450139360
65509689,BTC-E,nmc_usd,nmc_usd,ask,0.434,1.604,1450139360
65509687,BTC-E,nmc_usd,nmc_usd,ask,0.434,1.102,1450139360
65509685,BTC-E,nmc_usd,nmc_usd,ask,0.434,16.7914,1450139360
65509682,BTC-E,nmc_usd,nmc_usd,ask,0.435,0.240865,1450139360
65509679,BTC-E,nmc_usd,nmc_usd,ask,0.435,1.36314,1450139359
65509672,BTC-E,nmc_usd,nmc_usd,bid,0.438,1.162,1450139350
65509363,BTC-E,nmc_usd,nmc_usd,bid,0.439,1.842,1450139313
65509305,BTC-E,nmc_usd,nmc_usd,bid,0.44,0.60833,1450139276
65509304,BTC-E,nmc_usd,nmc_usd,bid,0.44,1.9,1450139276
65509303,BTC-E,nmc_usd,nmc_usd,bid,0.44,0.0356698,1450139276
65509283,BTC-E,nmc_usd,nmc_usd,bid,0.438,2.819,1450139239
65509101,BTC-E,nmc_usd,nmc_usd,bid,0.44,1.56433,1450139202
65509100,BTC-E,nmc_usd,nmc_usd,bid,0.439,0.10467,1450139202
65509099,BTC-E,nmc_usd,nmc_usd,bid,0.439,0.2,1450139202
65509098,BTC-E,nmc_usd,nmc_usd,bid,0.439,1.1,1450139202
65509097,BTC-E,nmc_usd,nmc_usd,bid,0.439,0.335,1450139202
65509072,BTC-E,nmc_usd,nmc_usd,bid,0.439,1.265,1450139165
65508815,BTC-E,nmc_usd,nmc_usd,bid,0.438,0.21,1450138954
65508602,BTC-E,nmc_usd,nmc_usd,bid,0.438,0.277,1450138811
65508598,BTC-E,nmc_usd,nmc_usd,bid,0.438,0.372,1450138774
65508593,BTC-E,nmc_usd,nmc_usd,bid,0.438,0.39,1450138737
65508587,BTC-E,nmc_usd,nmc_usd,bid,0.438,0.492,1450138701
65508584,BTC-E,nmc_usd,nmc_usd,bid,0.438,0.576,1450138665
65508578,BTC-E,nmc_usd,nmc_usd,bid,0.438,0.671,1450138628
65508557,BTC-E,nmc_usd,nmc_usd,bid,0.438,0.723,1450138590
65508541,BTC-E,nmc_usd,nmc_usd,bid,0.438,0.696,1450138553
65508530,BTC-E,nmc_usd,nmc_usd,bid,0.438,0.858,1450138516
65508508,BTC-E,nmc_usd,nmc_usd,bid,0.438,0.132,1450138481
65508490,BTC-E,nmc_usd,nmc_usd,bid,0.438,0.123,1450138374
65508487,BTC-E,nmc_usd,nmc_usd,bid,0.438,0.405,1450138338
65508484,BTC-E,nmc_usd,nmc_usd,bid,0.438,0.789,1450138302
65508402,BTC-E,nmc_usd,nmc_usd,bid,0.438,0.962,1450138265
65508396,BTC-E,nmc_usd,nmc_usd,bid,0.438,1.121,1450138229
65508391,BTC-E,nmc_usd,nmc_usd,bid,0.438,1.235,1450138193
65508386,BTC-E,nmc_usd,nmc_usd,bid,0.438,1.388,1450138157
65508351,BTC-E,nmc_usd,nmc_usd,bid,0.438,1.286,1450138120
65508342,BTC-E,nmc_usd,nmc_usd,bid,0.438,0.606359,1450138082
65508341,BTC-E,nmc_usd,nmc_usd,bid,0.438,1.34564,1450138082
65508334,BTC-E,nmc_usd,nmc_usd,bid,0.438,2.691,1450138044
65508309,BTC-E,nmc_usd,nmc_usd,bid,0.438,3.406,1450138006
65508305,BTC-E,nmc_usd,nmc_usd,bid,0.438,3.879,1450137969
65508282,BTC-E,nmc_usd,nmc_usd,bid,0.438,4.505,1450137932
65508242,BTC-E,nmc_usd,nmc_usd,bid,0.438,0.163,1450137896
65508235,BTC-E,nmc_usd,nmc_usd,bid,0.438,0.271,1450137860
65508225,BTC-E,nmc_usd,nmc_usd,bid,0.438,0.331,1450137824
65508222,BTC-E,nmc_usd,nmc_usd,bid,0.438,0.478,1450137789
65508218,BTC-E,nmc_usd,nmc_usd,bid,0.438,0.191,1450137753
65508199,BTC-E,nmc_usd,nmc_usd,bid,0.438,0.176,1450137682
65508193,BTC-E,nmc_usd,nmc_usd,bid,0.438,0.234,1450137646
65508181,BTC-E,nmc_usd,nmc_usd,bid,0.438,0.284,1450137610
65508180,BTC-E,nmc_usd,nmc_usd,bid,0.438,0.349,1450137573
65508151,BTC-E,nmc_usd,nmc_usd,bid,0.438,0.232,1450137286
65512270,BTC-E,eur_usd,eur_usd,ask,1.08423,0.1891,1450143549
65512252,BTC-E,eur_usd,eur_usd,bid,1.084,0.0441759,1450143475
65512250,BTC-E,eur_usd,eur_usd,ask,1.08403,0.115424,1450143474
65512245,BTC-E,eur_usd,eur_usd,bid,1.084,0.1772,1450143438
65512167,BTC-E,eur_usd,eur_usd,bid,1.084,0.1827,1450143220
65512162,BTC-E,eur_usd,eur_usd,bid,1.084,0.2181,1450143184
65512019,BTC-E,eur_usd,eur_usd,bid,1.084,0.26,1450142707
65512014,BTC-E,eur_usd,eur_usd,bid,1.084,0.3424,1450142671
65512005,BTC-E,eur_usd,eur_usd,bid,1.084,0.2968,1450142634
65511867,BTC-E,eur_usd,eur_usd,bid,1.0874,6.78954,1450142544
65511488,BTC-E,eur_usd,eur_usd,ask,1.08454,0.2707,1450141657
65511478,BTC-E,eur_usd,eur_usd,ask,1.08454,0.333,1450141621
65511471,BTC-E,eur_usd,eur_usd,ask,1.08439,0.4464,1450141584
65511434,BTC-E,eur_usd,eur_usd,ask,1.0841,0.1255,1450141511
65511133,BTC-E,eur_usd,eur_usd,ask,1.08325,0.203039,1450141022
65511130,BTC-E,eur_usd,eur_usd,bid,1.0874,494.435,1450141008
65511129,BTC-E,eur_usd,eur_usd,bid,1.0873,162.105,1450141008
65511127,BTC-E,eur_usd,eur_usd,bid,1.0873,0.1,1450141008
65511076,BTC-E,eur_usd,eur_usd,ask,1.08289,0.549069,1450140904
65511073,BTC-E,eur_usd,eur_usd,ask,1.08289,0.153767,1450140903
65511053,BTC-E,eur_usd,eur_usd,bid,1.0872,0.1,1450140876
65511052,BTC-E,eur_usd,eur_usd,bid,1.08711,0.2,1450140876
65511051,BTC-E,eur_usd,eur_usd,bid,1.08704,0.2,1450140876
65511050,BTC-E,eur_usd,eur_usd,bid,1.087,11.9704,1450140876
65511049,BTC-E,eur_usd,eur_usd,bid,1.087,0.541948,1450140876
65511048,BTC-E,eur_usd,eur_usd,bid,1.087,99.8,1450140876
65511047,BTC-E,eur_usd,eur_usd,bid,1.087,0.10978,1450140876
65511046,BTC-E,eur_usd,eur_usd,bid,1.087,0.1,1450140876
65511045,BTC-E,eur_usd,eur_usd,bid,1.087,0.1,1450140876
65511044,BTC-E,eur_usd,eur_usd,bid,1.087,0.1,1450140876
65511042,BTC-E,eur_usd,eur_usd,bid,1.087,123.158,1450140876
65510985,BTC-E,eur_usd,eur_usd,bid,1.087,97.911,1450140834
65510984,BTC-E,eur_usd,eur_usd,bid,1.08678,0.2,1450140834
65510982,BTC-E,eur_usd,eur_usd,bid,1.0867,0.398,1450140834
65510981,BTC-E,eur_usd,eur_usd,bid,1.08639,0.03388,1450140834
65510956,BTC-E,eur_usd,eur_usd,bid,1.08639,16.8939,1450140815
65510954,BTC-E,eur_usd,eur_usd,bid,1.08637,1.3,1450140815
65510952,BTC-E,eur_usd,eur_usd,bid,1.086,0.10978,1450140815
65510951,BTC-E,eur_usd,eur_usd,bid,1.086,430.0,1450140815
65510949,BTC-E,eur_usd,eur_usd,bid,1.08599,0.2,1450140815
65510948,BTC-E,eur_usd,eur_usd,bid,1.08578,2.2E-6,1450140815
65510915,BTC-E,eur_usd,eur_usd,bid,1.08578,0.199998,1450140815
65510914,BTC-E,eur_usd,eur_usd,bid,1.0857,0.398,1450140815
65510912,BTC-E,eur_usd,eur_usd,bid,1.0857,60.1202,1450140815
65510691,BTC-E,eur_usd,eur_usd,bid,1.0857,1.26882,1450140579
65510689,BTC-E,eur_usd,eur_usd,bid,1.08556,0.2,1450140579
65510687,BTC-E,eur_usd,eur_usd,bid,1.08523,0.371503,1450140579
65510657,BTC-E,eur_usd,eur_usd,bid,1.08523,3.0285,1450140529
65510655,BTC-E,eur_usd,eur_usd,bid,1.085,497.27,1450140529
65510591,BTC-E,eur_usd,eur_usd,bid,1.085,410.491,1450140446
65510568,BTC-E,eur_usd,eur_usd,bid,1.085,5.33638,1450140437
65510565,BTC-E,eur_usd,eur_usd,bid,1.085,187.289,1450140427
65510556,BTC-E,eur_usd,eur_usd,bid,1.085,35.2082,1450140411
65510551,BTC-E,eur_usd,eur_usd,bid,1.085,246.295,1450140396
65510549,BTC-E,eur_usd,eur_usd,bid,1.085,584.955,1450140394
65510548,BTC-E,eur_usd,eur_usd,bid,1.0848,224.761,1450140394
65510539,BTC-E,eur_usd,eur_usd,bid,1.0848,4.10567,1450140388
65510534,BTC-E,eur_usd,eur_usd,bid,1.0848,4.10567,1450140388
65510523,BTC-E,eur_usd,eur_usd,bid,1.0848,350.378,1450140387
65509538,BTC-E,eur_usd,eur_usd,bid,1.085,137.515,1450139320
65509536,BTC-E,eur_usd,eur_usd,bid,1.0849,17.2424,1450139320
65509535,BTC-E,eur_usd,eur_usd,bid,1.0849,4.08556,1450139320
65509389,BTC-E,eur_usd,eur_usd,bid,1.0849,198.696,1450139318
65509386,BTC-E,eur_usd,eur_usd,bid,1.0849,371.83,1450139318
65509384,BTC-E,eur_usd,eur_usd,bid,1.0849,345.244,1450139318
65509362,BTC-E,eur_usd,eur_usd,bid,1.0849,4.08513,1450139312
65509354,BTC-E,eur_usd,eur_usd,bid,1.0849,612.156,1450139297
65509345,BTC-E,eur_usd,eur_usd,bid,1.0849,79.7003,1450139289
65509317,BTC-E,eur_usd,eur_usd,bid,1.0849,33.6177,1450139281
65509296,BTC-E,eur_usd,eur_usd,bid,1.0849,91.5327,1450139243
65509273,BTC-E,eur_usd,eur_usd,bid,1.0849,81.6924,1450139230
65509270,BTC-E,eur_usd,eur_usd,bid,1.0849,62.1423,1450139228
65509030,BTC-E,eur_usd,eur_usd,bid,1.0849,93.9098,1450139096
65509026,BTC-E,eur_usd,eur_usd,bid,1.0849,408.724,1450139093
65509023,BTC-E,eur_usd,eur_usd,bid,1.0849,392.653,1450139091
65509018,BTC-E,eur_usd,eur_usd,bid,1.0849,16.3414,1450139090
65509016,BTC-E,eur_usd,eur_usd,bid,1.0849,859.456,1450139088
65508565,BTC-E,eur_usd,eur_usd,ask,1.08167,3.81113,1450138608
65508304,BTC-E,eur_usd,eur_usd,bid,1.0849,3.24509,1450137969
65508221,BTC-E,eur_usd,eur_usd,ask,1.08101,6.13698,1450137777
65508005,BTC-E,eur_usd,eur_usd,ask,1.08205,0.2754,1450136991
65508003,BTC-E,eur_usd,eur_usd,ask,1.08199,0.153767,1450136980
65507995,BTC-E,eur_usd,eur_usd,ask,1.08186,0.284,1450136954
65507992,BTC-E,eur_usd,eur_usd,ask,1.08172,0.307534,1450136922
65507990,BTC-E,eur_usd,eur_usd,ask,1.0817,0.3047,1450136917
65507983,BTC-E,eur_usd,eur_usd,ask,1.08153,0.3218,1450136880
65507982,BTC-E,eur_usd,eur_usd,bid,1.08147,0.615069,1450136871
65507975,BTC-E,eur_usd,eur_usd,ask,1.08101,0.4662,1450136843
65507937,BTC-E,eur_usd,eur_usd,ask,1.08123,1.23014,1450136822
65507875,BTC-E,eur_usd,eur_usd,bid,1.085,23.1467,1450136807
65507871,BTC-E,eur_usd,eur_usd,bid,1.085,69.572,1450136806
65507864,BTC-E,eur_usd,eur_usd,bid,1.085,69.1244,1450136806
65507849,BTC-E,eur_usd,eur_usd,ask,1.08115,1.16,1450136806
65507845,BTC-E,eur_usd,eur_usd,bid,1.085,96.0289,1450136805
65507824,BTC-E,eur_usd,eur_usd,ask,1.08101,3.67249,1450136789
65507798,BTC-E,eur_usd,eur_usd,ask,1.08101,2.46027,1450136773
65507796,BTC-E,eur_usd,eur_usd,ask,1.08101,1.491,1450136769
65507739,BTC-E,eur_usd,eur_usd,ask,1.0814,1.816,1450136732
65507737,BTC-E,eur_usd,eur_usd,bid,1.0813,4.92055,1450136713
65507730,BTC-E,eur_usd,eur_usd,bid,1.085,1030.77,1450136697
65507729,BTC-E,eur_usd,eur_usd,bid,1.085,1.14488,1450136697
65507728,BTC-E,eur_usd,eur_usd,bid,1.085,0.10978,1450136697
65507727,BTC-E,eur_usd,eur_usd,bid,1.0849,2.01E-6,1450136697
65507714,BTC-E,eur_usd,eur_usd,ask,1.08123,2.585,1450136695
65507713,BTC-E,eur_usd,eur_usd,ask,1.08119,0.201356,1450136689
65507707,BTC-E,eur_usd,eur_usd,bid,1.081,0.7169,1450136662
65507697,BTC-E,eur_usd,eur_usd,bid,1.08455,5.26673,1450136658
65507692,BTC-E,eur_usd,eur_usd,bid,1.08455,5.26674,1450136657
65507691,BTC-E,eur_usd,eur_usd,bid,1.0849,701.638,1450136654
65507690,BTC-E,eur_usd,eur_usd,bid,1.0849,50.0,1450136654
65507689,BTC-E,eur_usd,eur_usd,bid,1.08489,64.1795,1450136654
65507688,BTC-E,eur_usd,eur_usd,bid,1.08485,68.471,1450136654
65507687,BTC-E,eur_usd,eur_usd,bid,1.08455,5.26671,1450136654
65507678,BTC-E,eur_usd,eur_usd,bid,1.08485,62.298,1450136650
65507677,BTC-E,eur_usd,eur_usd,bid,1.08478,0.998,1450136650
65507676,BTC-E,eur_usd,eur_usd,bid,1.08472,9.97701,1450136650
65507675,BTC-E,eur_usd,eur_usd,bid,1.0847,0.398,1450136650
65507674,BTC-E,eur_usd,eur_usd,bid,1.08455,5.28266,1450136650
65507673,BTC-E,eur_usd,eur_usd,bid,1.08448,9.98,1450136650
65507672,BTC-E,eur_usd,eur_usd,bid,1.0843,81.0523,1450136650
65507671,BTC-E,eur_usd,eur_usd,bid,1.0843,0.1,1450136650
65507670,BTC-E,eur_usd,eur_usd,bid,1.08425,4.5,1450136650
65507669,BTC-E,eur_usd,eur_usd,bid,1.08411,43.0,1450136650
65507668,BTC-E,eur_usd,eur_usd,bid,1.084,3.0,1450136650
65507667,BTC-E,eur_usd,eur_usd,bid,1.084,0.10978,1450136650
65507666,BTC-E,eur_usd,eur_usd,bid,1.0838,0.1,1450136650
65507665,BTC-E,eur_usd,eur_usd,bid,1.0837,0.398,1450136650
65507664,BTC-E,eur_usd,eur_usd,bid,1.08367,1.3,1450136650
65507662,BTC-E,eur_usd,eur_usd,bid,1.083,9.7E-7,1450136650
65507635,BTC-E,eur_usd,eur_usd,bid,1.083,0.109779,1450136638
65507634,BTC-E,eur_usd,eur_usd,bid,1.08285,164.061,1450136638
65507627,BTC-E,eur_usd,eur_usd,bid,1.08285,101.891,1450136635
65507625,BTC-E,eur_usd,eur_usd,bid,1.08285,16.3812,1450136625
65507624,BTC-E,eur_usd,eur_usd,bid,1.081,0.9139,1450136625
65507615,BTC-E,eur_usd,eur_usd,bid,1.08285,26.947,1450136617
65507610,BTC-E,eur_usd,eur_usd,bid,1.08285,139.694,1450136606
65507606,BTC-E,eur_usd,eur_usd,bid,1.08285,8.15092,1450136603
65507596,BTC-E,eur_usd,eur_usd,bid,1.08285,35.1422,1450136591
65507595,BTC-E,eur_usd,eur_usd,bid,1.081,1.133,1450136591
65507589,BTC-E,eur_usd,eur_usd,bid,1.08285,30.1604,1450136585
65507584,BTC-E,eur_usd,eur_usd,bid,1.08285,68.4726,1450136582
65507581,BTC-E,eur_usd,eur_usd,bid,1.08285,46.605,1450136576
65507580,BTC-E,eur_usd,eur_usd,bid,1.08285,1.11278,1450136576
65507579,BTC-E,eur_usd,eur_usd,bid,1.08284,1.60204,1450136576
65507578,BTC-E,eur_usd,eur_usd,bid,1.0828,94.8905,1450136576
65507576,BTC-E,eur_usd,eur_usd,bid,1.082,2.04E-6,1450136576
65507566,BTC-E,eur_usd,eur_usd,bid,1.082,0.109778,1450136564
65507565,BTC-E,eur_usd,eur_usd,bid,1.082,10.7784,1450136564
65507564,BTC-E,eur_usd,eur_usd,bid,1.0815,4.0,1450136564
65507563,BTC-E,eur_usd,eur_usd,bid,1.08104,0.2,1450136564
65512153,BTC-E,nvc_usd,nvc_usd,ask,0.934,77.1026,1450143179
65512087,BTC-E,nvc_usd,nvc_usd,bid,0.941,0.706545,1450142962
65511872,BTC-E,nvc_usd,nvc_usd,bid,0.941,0.155664,1450142561
65510444,BTC-E,nvc_usd,nvc_usd,bid,0.941,0.100338,1450140386
65508474,BTC-E,nvc_usd,nvc_usd,bid,0.941,0.956056,1450138287
65505509,BTC-E,nvc_usd,nvc_usd,ask,0.933,5.04063,1450130823
65505508,BTC-E,nvc_usd,nvc_usd,ask,0.935,0.155,1450130823
65505430,BTC-E,nvc_usd,nvc_usd,ask,0.933,202.127,1450130510
65505429,BTC-E,nvc_usd,nvc_usd,ask,0.933,0.1,1450130510
65505428,BTC-E,nvc_usd,nvc_usd,ask,0.933,0.1,1450130510
65505427,BTC-E,nvc_usd,nvc_usd,ask,0.933,1.0021,1450130510
65505426,BTC-E,nvc_usd,nvc_usd,ask,0.933,4.0,1450130510
65505425,BTC-E,nvc_usd,nvc_usd,ask,0.934,1.0021,1450130510
65505424,BTC-E,nvc_usd,nvc_usd,ask,0.935,34.75,1450130510
65505423,BTC-E,nvc_usd,nvc_usd,ask,0.935,1.0021,1450130510
65505422,BTC-E,nvc_usd,nvc_usd,ask,0.936,1.0021,1450130510
65505421,BTC-E,nvc_usd,nvc_usd,ask,0.936,1.0,1450130510
65505420,BTC-E,nvc_usd,nvc_usd,ask,0.936,0.975475,1450130510
65505419,BTC-E,nvc_usd,nvc_usd,ask,0.937,1.0021,1450130510
65503782,BTC-E,nvc_usd,nvc_usd,ask,0.936,0.784525,1450125749
65503781,BTC-E,nvc_usd,nvc_usd,ask,0.936,1.0021,1450125749
65503780,BTC-E,nvc_usd,nvc_usd,ask,0.936,3.14159,1450125749
65503779,BTC-E,nvc_usd,nvc_usd,ask,0.936,1.65,1450125749
65503778,BTC-E,nvc_usd,nvc_usd,ask,0.936,1.43,1450125749
65503777,BTC-E,nvc_usd,nvc_usd,ask,0.936,1.32,1450125749
65503776,BTC-E,nvc_usd,nvc_usd,ask,0.936,1.21,1450125749
65503775,BTC-E,nvc_usd,nvc_usd,ask,0.936,1.1,1450125749
65503774,BTC-E,nvc_usd,nvc_usd,ask,0.936,1.54,1450125749
65503773,BTC-E,nvc_usd,nvc_usd,ask,0.936,63.0191,1450125749
65503590,BTC-E,nvc_usd,nvc_usd,ask,0.936,10.3619,1450125230
65503588,BTC-E,nvc_usd,nvc_usd,ask,0.937,13.418,1450125230
65503587,BTC-E,nvc_usd,nvc_usd,ask,0.937,0.46304,1450125230
65503297,BTC-E,nvc_usd,nvc_usd,ask,0.937,1.40696,1450124231
65503296,BTC-E,nvc_usd,nvc_usd,ask,0.937,1.0021,1450124231
65503295,BTC-E,nvc_usd,nvc_usd,ask,0.938,1.0021,1450124231
65503294,BTC-E,nvc_usd,nvc_usd,ask,0.938,1.98,1450124231
65503293,BTC-E,nvc_usd,nvc_usd,ask,0.938,0.51293,1450124231
65503131,BTC-E,nvc_usd,nvc_usd,ask,0.938,0.146612,1450123801
65502728,BTC-E,nvc_usd,nvc_usd,ask,0.938,1.21046,1450123126
65502727,BTC-E,nvc_usd,nvc_usd,ask,0.938,1.87,1450123126
65502726,BTC-E,nvc_usd,nvc_usd,ask,0.938,1.0021,1450123126
65502724,BTC-E,nvc_usd,nvc_usd,ask,0.939,0.957236,1450123126
65501907,BTC-E,nvc_usd,nvc_usd,ask,0.939,0.0448638,1450121100
65501906,BTC-E,nvc_usd,nvc_usd,ask,0.945,0.06,1450121100
65501859,BTC-E,nvc_usd,nvc_usd,bid,0.945,1.0,1450121005
65500905,BTC-E,nvc_usd,nvc_usd,ask,0.943,393.535,1450119101
65500862,BTC-E,nvc_usd,nvc_usd,ask,0.943,3.0,1450118926
65500857,BTC-E,nvc_usd,nvc_usd,ask,0.943,3.0,1450118866
65500848,BTC-E,nvc_usd,nvc_usd,ask,0.943,3.0,1450118806
65500837,BTC-E,nvc_usd,nvc_usd,ask,0.943,3.0,1450118747
65500823,BTC-E,nvc_usd,nvc_usd,ask,0.943,3.0,1450118687
65500794,BTC-E,nvc_usd,nvc_usd,ask,0.943,3.0,1450118627
65500789,BTC-E,nvc_usd,nvc_usd,ask,0.943,269.73,1450118569
65500786,BTC-E,nvc_usd,nvc_usd,ask,0.943,3.0,1450118566
65500772,BTC-E,nvc_usd,nvc_usd,ask,0.943,3.0,1450118508
65500670,BTC-E,nvc_usd,nvc_usd,ask,0.943,3.0,1450118447
65500662,BTC-E,nvc_usd,nvc_usd,ask,0.943,3.0,1450118387
65500618,BTC-E,nvc_usd,nvc_usd,ask,0.943,3.0,1450118326
65500601,BTC-E,nvc_usd,nvc_usd,ask,0.943,3.0,1450118267
65500592,BTC-E,nvc_usd,nvc_usd,ask,0.943,1.8159,1450118248
65500553,BTC-E,nvc_usd,nvc_usd,ask,0.943,3.0,1450118207
65500534,BTC-E,nvc_usd,nvc_usd,ask,0.943,3.0,1450118146
65500533,BTC-E,nvc_usd,nvc_usd,ask,0.943,3.0,1450118132
65500520,BTC-E,nvc_usd,nvc_usd,ask,0.943,3.0,1450118086
65500490,BTC-E,nvc_usd,nvc_usd,ask,0.943,3.0,1450118026
65500450,BTC-E,nvc_usd,nvc_usd,ask,0.943,9.47366,1450117942
65500446,BTC-E,nvc_usd,nvc_usd,ask,0.943,3.0,1450117906
65500430,BTC-E,nvc_usd,nvc_usd,ask,0.943,3.0,1450117846
65500424,BTC-E,nvc_usd,nvc_usd,ask,0.943,3.0,1450117786
65500417,BTC-E,nvc_usd,nvc_usd,ask,0.943,3.0,1450117727
65500402,BTC-E,nvc_usd,nvc_usd,ask,0.943,5.67242,1450117706
65500339,BTC-E,nvc_usd,nvc_usd,ask,0.943,3.0,1450117666
65500338,BTC-E,nvc_usd,nvc_usd,ask,0.943,3.0,1450117606
65500333,BTC-E,nvc_usd,nvc_usd,ask,0.943,3.0,1450117547
65500318,BTC-E,nvc_usd,nvc_usd,ask,0.943,3.0,1450117487
65500299,BTC-E,nvc_usd,nvc_usd,ask,0.943,3.0,1450117426
65500287,BTC-E,nvc_usd,nvc_usd,ask,0.943,11.4645,1450117366
65500284,BTC-E,nvc_usd,nvc_usd,ask,0.944,0.141593,1450117366
65500282,BTC-E,nvc_usd,nvc_usd,ask,0.944,3.0,1450117366
65500253,BTC-E,nvc_usd,nvc_usd,ask,0.944,3.0,1450117307
65500199,BTC-E,nvc_usd,nvc_usd,ask,0.944,3.0,1450117247
65500179,BTC-E,nvc_usd,nvc_usd,ask,0.944,1.5,1450117186
65500178,BTC-E,nvc_usd,nvc_usd,ask,0.944,1.5,1450117186
65500165,BTC-E,nvc_usd,nvc_usd,bid,0.944,1.0,1450117159
65500150,BTC-E,nvc_usd,nvc_usd,ask,0.943,5.00048,1450117127
65500149,BTC-E,nvc_usd,nvc_usd,ask,0.943,3.0,1450117127
65500148,BTC-E,nvc_usd,nvc_usd,ask,0.943,3.0,1450117125
65500138,BTC-E,nvc_usd,nvc_usd,ask,0.943,148.554,1450117104
65500130,BTC-E,nvc_usd,nvc_usd,ask,0.943,1.0001,1450117095
65500127,BTC-E,nvc_usd,nvc_usd,ask,0.943,3.0,1450117067
65500114,BTC-E,nvc_usd,nvc_usd,ask,0.943,3.0,1450117007
65500090,BTC-E,nvc_usd,nvc_usd,ask,0.943,3.0,1450116947
65500060,BTC-E,nvc_usd,nvc_usd,ask,0.943,3.0,1450116886
65500035,BTC-E,nvc_usd,nvc_usd,ask,0.943,3.0,1450116826
65500010,BTC-E,nvc_usd,nvc_usd,ask,0.943,3.0,1450116766
65499978,BTC-E,nvc_usd,nvc_usd,ask,0.943,3.0,1450116707
65499959,BTC-E,nvc_usd,nvc_usd,bid,0.943,47.7584,1450116674
65499958,BTC-E,nvc_usd,nvc_usd,bid,0.943,3.00029,1450116674
65499951,BTC-E,nvc_usd,nvc_usd,ask,0.942,3.0,1450116646
65499928,BTC-E,nvc_usd,nvc_usd,ask,0.942,3.0,1450116586
65499910,BTC-E,nvc_usd,nvc_usd,ask,0.942,3.0,1450116526
65499888,BTC-E,nvc_usd,nvc_usd,ask,0.942,3.0,1450116466
65499867,BTC-E,nvc_usd,nvc_usd,ask,0.942,3.0,1450116406
65499847,BTC-E,nvc_usd,nvc_usd,ask,0.942,3.0,1450116347
65499832,BTC-E,nvc_usd,nvc_usd,ask,0.942,3.0,1450116287
65499814,BTC-E,nvc_usd,nvc_usd,ask,0.942,3.0,1450116227
65499790,BTC-E,nvc_usd,nvc_usd,bid,0.942,3.0,1450116166
65499776,BTC-E,nvc_usd,nvc_usd,ask,0.942,3.0,1450116119
65499774,BTC-E,nvc_usd,nvc_usd,ask,0.936,1.9979,1450116107
65499773,BTC-E,nvc_usd,nvc_usd,ask,0.937,1.0021,1450116107
65499745,BTC-E,nvc_usd,nvc_usd,ask,0.936,2.848,1450116046
65499744,BTC-E,nvc_usd,nvc_usd,ask,0.937,0.152,1450116046
65499725,BTC-E,nvc_usd,nvc_usd,ask,0.936,3.0,1450115987
65499716,BTC-E,nvc_usd,nvc_usd,ask,0.936,3.0,1450115927
65499708,BTC-E,nvc_usd,nvc_usd,ask,0.936,3.0,1450115866
65499699,BTC-E,nvc_usd,nvc_usd,ask,0.936,3.0,1450115807
65499691,BTC-E,nvc_usd,nvc_usd,ask,0.936,2.892,1450115747
65499690,BTC-E,nvc_usd,nvc_usd,ask,0.938,0.108,1450115747
65499673,BTC-E,nvc_usd,nvc_usd,ask,0.936,3.0,1450115687
65499650,BTC-E,nvc_usd,nvc_usd,ask,0.936,3.0,1450115626
65499612,BTC-E,nvc_usd,nvc_usd,ask,0.936,3.0,1450115567
65499600,BTC-E,nvc_usd,nvc_usd,ask,0.936,3.0,1450115506
65499589,BTC-E,nvc_usd,nvc_usd,ask,0.936,7.13516,1450115478
65499588,BTC-E,nvc_usd,nvc_usd,ask,0.936,1.0021,1450115478
65499587,BTC-E,nvc_usd,nvc_usd,ask,0.937,1.0021,1450115478
65499586,BTC-E,nvc_usd,nvc_usd,ask,0.937,3.14159,1450115478
65499579,BTC-E,nvc_usd,nvc_usd,ask,0.938,3.0,1450115447
65499570,BTC-E,nvc_usd,nvc_usd,ask,0.938,1.0021,1450115417
65499566,BTC-E,nvc_usd,nvc_usd,bid,0.942,3.14159,1450115386
65499549,BTC-E,nvc_usd,nvc_usd,ask,0.942,0.141593,1450115350
65499539,BTC-E,nvc_usd,nvc_usd,ask,0.942,3.0,1450115327
65499517,BTC-E,nvc_usd,nvc_usd,ask,0.942,3.0,1450115267
65499499,BTC-E,nvc_usd,nvc_usd,ask,0.942,3.0,1450115207
65499480,BTC-E,nvc_usd,nvc_usd,ask,0.942,3.0,1450115146
65499443,BTC-E,nvc_usd,nvc_usd,ask,0.942,3.0,1450115112
65499439,BTC-E,nvc_usd,nvc_usd,ask,0.942,3.0,1450115086
65499384,BTC-E,nvc_usd,nvc_usd,bid,0.942,3.0,1450115027
65499317,BTC-E,nvc_usd,nvc_usd,ask,0.942,0.141593,1450114968
65499316,BTC-E,nvc_usd,nvc_usd,bid,0.942,3.0,1450114967
65499188,BTC-E,nvc_usd,nvc_usd,ask,0.942,3.0,1450114907
65499112,BTC-E,nvc_usd,nvc_usd,ask,0.942,3.0,1450114846
65499072,BTC-E,nvc_usd,nvc_usd,ask,0.942,3.0,1450114788
65499052,BTC-E,nvc_usd,nvc_usd,ask,0.942,3.0,1450114727
65499034,BTC-E,nvc_usd,nvc_usd,ask,0.942,3.0,1450114667
65498967,BTC-E,nvc_usd,nvc_usd,bid,0.942,3.0,1450114606
65498957,BTC-E,nvc_usd,nvc_usd,bid,0.942,3.0,1450114547
65498921,BTC-E,nvc_usd,nvc_usd,ask,0.942,3.0,1450114427
65498909,BTC-E,nvc_usd,nvc_usd,ask,0.942,3.0,1450114366
65498892,BTC-E,nvc_usd,nvc_usd,ask,0.942,3.0,1450114307
65498876,BTC-E,nvc_usd,nvc_usd,ask,0.942,3.0,1450114247
65512304,BTC-E,btc_usd,btc_usd,ask,446.8,0.01,1450143560
65512303,BTC-E,btc_usd,btc_usd,ask,446.8,3.04597,1450143557
65512302,BTC-E,btc_usd,btc_usd,ask,446.8,0.376468,1450143557
65512301,BTC-E,btc_usd,btc_usd,ask,446.8,0.015463,1450143555
65512300,BTC-E,btc_usd,btc_usd,bid,446.8,0.0449558,1450143553
65512299,BTC-E,btc_usd,btc_usd,bid,446.8,3.81793,1450143553
65512298,BTC-E,btc_usd,btc_usd,bid,446.798,0.061602,1450143553
65512297,BTC-E,btc_usd,btc_usd,bid,446.793,0.011044,1450143553
65512296,BTC-E,btc_usd,btc_usd,bid,446.78,1.0,1450143553
65512295,BTC-E,btc_usd,btc_usd,bid,446.759,0.29,1450143553
65512294,BTC-E,btc_usd,btc_usd,bid,446.758,0.0315,1450143553
65512293,BTC-E,btc_usd,btc_usd,bid,446.75,0.01,1450143553
65512292,BTC-E,btc_usd,btc_usd,bid,446.702,0.011049,1450143553
65512291,BTC-E,btc_usd,btc_usd,bid,446.544,0.6,1450143553
65512290,BTC-E,btc_usd,btc_usd,bid,446.519,0.01104,1450143553
65512289,BTC-E,btc_usd,btc_usd,bid,446.519,0.01104,1450143553
65512288,BTC-E,btc_usd,btc_usd,bid,446.519,0.01104,1450143553
65512287,BTC-E,btc_usd,btc_usd,bid,446.519,0.01104,1450143553
65512286,BTC-E,btc_usd,btc_usd,bid,446.417,0.370831,1450143553
65512285,BTC-E,btc_usd,btc_usd,bid,446.415,0.01,1450143553
65512284,BTC-E,btc_usd,btc_usd,bid,446.393,0.011053,1450143553
65512283,BTC-E,btc_usd,btc_usd,bid,446.393,0.011045,1450143553
65512282,BTC-E,btc_usd,btc_usd,bid,446.354,0.5,1450143553
65512281,BTC-E,btc_usd,btc_usd,bid,446.26,0.23,1450143553
65512280,BTC-E,btc_usd,btc_usd,bid,446.164,0.4,1450143553
65512279,BTC-E,btc_usd,btc_usd,bid,446.0,2.61085,1450143553
65512278,BTC-E,btc_usd,btc_usd,bid,445.974,0.3,1450143553
65512277,BTC-E,btc_usd,btc_usd,bid,445.86,0.01,1450143553
65512276,BTC-E,btc_usd,btc_usd,bid,445.855,0.01105,1450143553
65512275,BTC-E,btc_usd,btc_usd,bid,445.807,0.011044,1450143553
65512274,BTC-E,btc_usd,btc_usd,bid,445.807,0.011049,1450143553
65512273,BTC-E,btc_usd,btc_usd,bid,445.774,0.011045,1450143553
65512272,BTC-E,btc_usd,btc_usd,bid,445.773,0.3,1450143553
65512269,BTC-E,btc_usd,btc_usd,ask,445.47,1.95561,1450143535
65512268,BTC-E,btc_usd,btc_usd,ask,445.509,0.3,1450143535
65512267,BTC-E,btc_usd,btc_usd,ask,445.56,0.01,1450143535
65512266,BTC-E,btc_usd,btc_usd,ask,445.563,0.011049,1450143535
65512265,BTC-E,btc_usd,btc_usd,ask,445.709,0.00789178,1450143535
65512264,BTC-E,btc_usd,btc_usd,ask,445.71,0.55,1450143535
65512263,BTC-E,btc_usd,btc_usd,ask,445.709,0.00315222,1450143533
65512262,BTC-E,btc_usd,btc_usd,ask,445.709,0.011045,1450143533
65512258,BTC-E,btc_usd,btc_usd,bid,446.0,0.0381494,1450143490
65512257,BTC-E,btc_usd,btc_usd,bid,445.951,0.3,1450143490
65512256,BTC-E,btc_usd,btc_usd,bid,445.751,0.011049,1450143490
65512255,BTC-E,btc_usd,btc_usd,bid,445.75,0.25,1450143490
65512254,BTC-E,btc_usd,btc_usd,bid,445.469,0.249273,1450143485
65512253,BTC-E,btc_usd,btc_usd,bid,445.457,0.01104,1450143484
65512249,BTC-E,btc_usd,btc_usd,ask,445.434,0.01,1450143467
65512247,BTC-E,btc_usd,btc_usd,bid,445.434,0.011049,1450143464
65512246,BTC-E,btc_usd,btc_usd,bid,445.411,0.011053,1450143464
65512242,BTC-E,btc_usd,btc_usd,ask,445.364,0.960867,1450143434
65512241,BTC-E,btc_usd,btc_usd,ask,445.399,0.011044,1450143434
65512240,BTC-E,btc_usd,btc_usd,ask,445.399,0.011049,1450143434
65512239,BTC-E,btc_usd,btc_usd,ask,445.422,0.01104,1450143434
65512238,BTC-E,btc_usd,btc_usd,ask,445.422,0.01105,1450143433
65512232,BTC-E,btc_usd,btc_usd,bid,445.469,0.304008,1450143389
65512229,BTC-E,btc_usd,btc_usd,bid,445.469,0.0650723,1450143371
65512228,BTC-E,btc_usd,btc_usd,bid,445.364,0.011049,1450143371
65512227,BTC-E,btc_usd,btc_usd,bid,445.357,0.011053,1450143371
65512226,BTC-E,btc_usd,btc_usd,ask,445.162,0.771955,1450143371
65512225,BTC-E,btc_usd,btc_usd,ask,445.352,0.011045,1450143371
65512221,BTC-E,btc_usd,btc_usd,ask,445.162,0.287464,1450143368
65512217,BTC-E,btc_usd,btc_usd,ask,445.162,0.854681,1450143368
65512215,BTC-E,btc_usd,btc_usd,ask,445.34,0.01,1450143368
65512213,BTC-E,btc_usd,btc_usd,ask,445.342,0.009052,1450143368
65512212,BTC-E,btc_usd,btc_usd,ask,445.35,0.011044,1450143368
65512210,BTC-E,btc_usd,btc_usd,ask,445.351,0.728044,1450143368
65512202,BTC-E,btc_usd,btc_usd,ask,445.342,0.01,1450143332
65512193,BTC-E,btc_usd,btc_usd,ask,445.162,2.52226,1450143317
65512191,BTC-E,btc_usd,btc_usd,ask,445.265,0.01104,1450143317
65512189,BTC-E,btc_usd,btc_usd,ask,445.334,0.011049,1450143317
65512185,BTC-E,btc_usd,btc_usd,bid,445.469,0.478771,1450143305
65512184,BTC-E,btc_usd,btc_usd,bid,445.401,0.011045,1450143305
65512183,BTC-E,btc_usd,btc_usd,bid,445.401,0.011044,1450143305
65512182,BTC-E,btc_usd,btc_usd,bid,445.379,0.01104,1450143305
65512179,BTC-E,btc_usd,btc_usd,bid,445.469,0.02,1450143253
65512178,BTC-E,btc_usd,btc_usd,bid,445.469,0.0720117,1450143248
65512177,BTC-E,btc_usd,btc_usd,bid,445.468,0.0662,1450143248
65512176,BTC-E,btc_usd,btc_usd,bid,445.39,0.011052,1450143248
65512175,BTC-E,btc_usd,btc_usd,bid,445.338,0.011047,1450143248
65512174,BTC-E,btc_usd,btc_usd,bid,445.338,0.01105,1450143248
65512173,BTC-E,btc_usd,btc_usd,bid,445.303,0.007998,1450143248
65512172,BTC-E,btc_usd,btc_usd,ask,445.163,0.02,1450143242
65512171,BTC-E,btc_usd,btc_usd,bid,445.303,0.003055,1450143237
65512170,BTC-E,btc_usd,btc_usd,bid,445.292,0.011045,1450143237
65512169,BTC-E,btc_usd,btc_usd,ask,445.162,0.011053,1450143226
65512168,BTC-E,btc_usd,btc_usd,bid,445.162,0.011044,1450143222
65512165,BTC-E,btc_usd,btc_usd,ask,444.901,0.072,1450143198
65512164,BTC-E,btc_usd,btc_usd,ask,445.031,0.011049,1450143196
65512159,BTC-E,btc_usd,btc_usd,ask,445.162,0.0110977,1450143183
65512155,BTC-E,btc_usd,btc_usd,ask,444.901,0.162027,1450143179
65512151,BTC-E,btc_usd,btc_usd,ask,445.114,0.01105,1450143176
65512150,BTC-E,btc_usd,btc_usd,ask,445.23,0.01,1450143176
65512149,BTC-E,btc_usd,btc_usd,ask,445.233,0.011044,1450143176
65512147,BTC-E,btc_usd,btc_usd,ask,445.269,0.011045,1450143176
65512146,BTC-E,btc_usd,btc_usd,ask,445.281,0.011044,1450143176
65512126,BTC-E,btc_usd,btc_usd,ask,445.234,0.0179291,1450143132
65512125,BTC-E,btc_usd,btc_usd,bid,445.338,0.011044,1450143120
65512123,BTC-E,btc_usd,btc_usd,bid,445.999,0.386794,1450143071
65512121,BTC-E,btc_usd,btc_usd,ask,445.256,0.011049,1450143067
65512120,BTC-E,btc_usd,btc_usd,bid,446.0,0.0263522,1450143060
65512119,BTC-E,btc_usd,btc_usd,bid,446.0,3.42669,1450143060
65512118,BTC-E,btc_usd,btc_usd,bid,446.0,0.743705,1450143060
65512117,BTC-E,btc_usd,btc_usd,bid,445.996,0.412074,1450143060
65512116,BTC-E,btc_usd,btc_usd,bid,445.993,0.0315,1450143060
65512115,BTC-E,btc_usd,btc_usd,bid,445.93,0.4,1450143060
65512114,BTC-E,btc_usd,btc_usd,bid,445.86,0.01,1450143060
65512113,BTC-E,btc_usd,btc_usd,bid,445.74,0.169512,1450143060
65512112,BTC-E,btc_usd,btc_usd,bid,445.739,0.0662,1450143060
65512111,BTC-E,btc_usd,btc_usd,bid,445.739,0.0193,1450143060
65512110,BTC-E,btc_usd,btc_usd,bid,445.54,0.011044,1450143060
65512108,BTC-E,btc_usd,btc_usd,bid,445.291,0.133713,1450143026
65512107,BTC-E,btc_usd,btc_usd,bid,445.101,0.3,1450143026
65512106,BTC-E,btc_usd,btc_usd,bid,445.021,0.011049,1450143026
65512105,BTC-E,btc_usd,btc_usd,bid,444.957,0.011053,1450143026
65512104,BTC-E,btc_usd,btc_usd,bid,444.957,0.011044,1450143026
65512103,BTC-E,btc_usd,btc_usd,bid,444.956,0.011047,1450143026
65512102,BTC-E,btc_usd,btc_usd,bid,444.914,0.01105,1450143026
65512101,BTC-E,btc_usd,btc_usd,bid,444.901,0.011044,1450143026
65512099,BTC-E,btc_usd,btc_usd,ask,444.9,0.01104,1450143011
65512098,BTC-E,btc_usd,btc_usd,ask,444.9,0.723604,1450143006
65512097,BTC-E,btc_usd,btc_usd,bid,444.893,0.011049,1450143006
65512095,BTC-E,btc_usd,btc_usd,bid,444.913,0.408818,1450142968
65512094,BTC-E,btc_usd,btc_usd,ask,444.829,0.457858,1450142967
65512093,BTC-E,btc_usd,btc_usd,ask,444.871,0.0111016,1450142967
65512092,BTC-E,btc_usd,btc_usd,ask,444.857,0.00856883,1450142967
65512090,BTC-E,btc_usd,btc_usd,ask,444.857,0.00247517,1450142962
65512089,BTC-E,btc_usd,btc_usd,ask,444.857,0.011049,1450142962
65512078,BTC-E,btc_usd,btc_usd,ask,444.829,3.98,1450142907
65512077,BTC-E,btc_usd,btc_usd,ask,443.865,0.0246819,1450142896
65512076,BTC-E,btc_usd,btc_usd,ask,443.888,0.011045,1450142896
65512075,BTC-E,btc_usd,btc_usd,ask,444.016,0.0111351,1450142896
65512074,BTC-E,btc_usd,btc_usd,ask,444.291,0.011045,1450142896
65512073,BTC-E,btc_usd,btc_usd,ask,444.411,0.011049,1450142896
65512072,BTC-E,btc_usd,btc_usd,ask,444.808,0.011044,1450142896
65512071,BTC-E,btc_usd,btc_usd,ask,444.412,0.200549,1450142891
65512070,BTC-E,btc_usd,btc_usd,bid,445.6,0.286422,1450142880
65512069,BTC-E,btc_usd,btc_usd,bid,445.585,0.011049,1450142880
65512068,BTC-E,btc_usd,btc_usd,bid,445.577,0.01104,1450142880
65512067,BTC-E,btc_usd,btc_usd,bid,445.57,0.106241,1450142880
65512066,BTC-E,btc_usd,btc_usd,bid,445.41,0.5,1450142880
65512065,BTC-E,btc_usd,btc_usd,bid,445.193,0.011049,1450142880
65512064,BTC-E,btc_usd,btc_usd,bid,445.025,0.011053,1450142880
65512063,BTC-E,btc_usd,btc_usd,bid,444.895,0.011052,1450142880
65512062,BTC-E,btc_usd,btc_usd,bid,444.841,0.011049,1450142880
65512061,BTC-E,btc_usd,btc_usd,bid,444.82,0.01,1450142880
65512060,BTC-E,btc_usd,btc_usd,bid,444.65,0.011045,1450142880
65512059,BTC-E,btc_usd,btc_usd,bid,444.84,0.0420842,1450142826
65512052,BTC-E,btc_usd,btc_usd,ask,444.44,0.01,1450142814
65512050,BTC-E,btc_usd,btc_usd,ask,444.442,0.00286277,1450142814
65512261,BTC-E,ltc_eur,ltc_eur,bid,3.295,0.5,1450143520
65511866,BTC-E,ltc_eur,ltc_eur,bid,3.293,0.5,1450142544
65511675,BTC-E,ltc_eur,ltc_eur,ask,3.297,0.5,1450142165
65511644,BTC-E,ltc_eur,ltc_eur,ask,3.279,13.0341,1450142043
65511643,BTC-E,ltc_eur,ltc_eur,bid,3.279,2.19592,1450142043
65511642,BTC-E,ltc_eur,ltc_eur,ask,3.279,9.01771,1450142043
65511641,BTC-E,ltc_eur,ltc_eur,ask,3.279,2.19592,1450142043
65511640,BTC-E,ltc_eur,ltc_eur,ask,3.279,1.68784,1450142042
65511639,BTC-E,ltc_eur,ltc_eur,ask,3.279,2.10853,1450142042
65511394,BTC-E,ltc_eur,ltc_eur,bid,3.302,0.5,1450141485
65511228,BTC-E,ltc_eur,ltc_eur,ask,3.282,28.66,1450141227
65511075,BTC-E,ltc_eur,ltc_eur,bid,3.311,0.165998,1450140904
65510686,BTC-E,ltc_eur,ltc_eur,ask,3.274,0.561541,1450140579
65509815,BTC-E,ltc_eur,ltc_eur,bid,3.325,2.07173,1450139504
65508299,BTC-E,ltc_eur,ltc_eur,ask,3.272,0.990785,1450137969
65507877,BTC-E,ltc_eur,ltc_eur,ask,3.272,0.3545,1450136807
65506750,BTC-E,ltc_eur,ltc_eur,ask,3.266,0.496708,1450135823
65506485,BTC-E,ltc_eur,ltc_eur,bid,3.324,0.120457,1450134760
65506295,BTC-E,ltc_eur,ltc_eur,ask,3.277,2.15272,1450134227
65505912,BTC-E,ltc_eur,ltc_eur,bid,3.323,0.271442,1450133113
65505667,BTC-E,ltc_eur,ltc_eur,bid,3.316,0.132,1450131903
65505548,BTC-E,ltc_eur,ltc_eur,bid,3.307,1.35866,1450131161
65505281,BTC-E,ltc_eur,ltc_eur,bid,3.306,1.70709,1450130267
65504933,BTC-E,ltc_eur,ltc_eur,bid,3.271,1.08042,1450129462
65504932,BTC-E,ltc_eur,ltc_eur,bid,3.271,2.41954,1450129462
65504851,BTC-E,ltc_eur,ltc_eur,ask,3.272,3.23257,1450129054
65504608,BTC-E,ltc_eur,ltc_eur,ask,3.271,2.05913,1450128081
65504099,BTC-E,ltc_eur,ltc_eur,ask,3.268,3.29091,1450127040
65503720,BTC-E,ltc_eur,ltc_eur,ask,3.266,2.50267,1450125589
65503393,BTC-E,ltc_eur,ltc_eur,ask,3.266,2.37968,1450124574
65503193,BTC-E,ltc_eur,ltc_eur,bid,3.303,0.5,1450123979
65503074,BTC-E,ltc_eur,ltc_eur,ask,3.284,0.1233,1450123603
65502510,BTC-E,ltc_eur,ltc_eur,bid,3.301,1.67235,1450122749
65502482,BTC-E,ltc_eur,ltc_eur,bid,3.306,1.63156,1450122631
65502464,BTC-E,ltc_eur,ltc_eur,bid,3.302,1.60482,1450122565
65502452,BTC-E,ltc_eur,ltc_eur,bid,3.297,0.132,1450122524
65502450,BTC-E,ltc_eur,ltc_eur,bid,3.296,0.136,1450122522
65502009,BTC-E,ltc_eur,ltc_eur,ask,3.265,2.29822,1450121369
65501296,BTC-E,ltc_eur,ltc_eur,bid,3.298,1.60482,1450119946
65501294,BTC-E,ltc_eur,ltc_eur,bid,3.296,2.10468,1450119933
65501237,BTC-E,ltc_eur,ltc_eur,ask,3.289,0.1091,1450119871
65501227,BTC-E,ltc_eur,ltc_eur,bid,3.295,0.5,1450119855
65501145,BTC-E,ltc_eur,ltc_eur,bid,3.296,2.76023,1450119672
65500953,BTC-E,ltc_eur,ltc_eur,ask,3.29,0.1058,1450119213
65500906,BTC-E,ltc_eur,ltc_eur,ask,3.29,0.2097,1450119105
65500835,BTC-E,ltc_eur,ltc_eur,bid,3.301,3.61998,1450118732
65500832,BTC-E,ltc_eur,ltc_eur,bid,3.3,3.61998,1450118728
65500819,BTC-E,ltc_eur,ltc_eur,bid,3.301,3.61998,1450118674
65500785,BTC-E,ltc_eur,ltc_eur,bid,3.295,4.74751,1450118565
65500739,BTC-E,ltc_eur,ltc_eur,ask,3.29,0.1436,1450118502
65500608,BTC-E,ltc_eur,ltc_eur,ask,3.29,0.1286,1450118279
65500605,BTC-E,ltc_eur,ltc_eur,bid,3.304,0.5,1450118276
65500555,BTC-E,ltc_eur,ltc_eur,ask,3.29,0.1018,1450118208
65500515,BTC-E,ltc_eur,ltc_eur,ask,3.291,0.1285,1450118066
65500513,BTC-E,ltc_eur,ltc_eur,bid,3.299,6.22625,1450118056
65500492,BTC-E,ltc_eur,ltc_eur,bid,3.291,0.1093,1450118030
65500491,BTC-E,ltc_eur,ltc_eur,ask,3.291,0.1093,1450118029
65500487,BTC-E,ltc_eur,ltc_eur,ask,3.291,0.1592,1450117994
65500427,BTC-E,ltc_eur,ltc_eur,ask,3.291,0.148,1450117813
65500422,BTC-E,ltc_eur,ltc_eur,ask,3.291,0.2145,1450117777
65500418,BTC-E,ltc_eur,ltc_eur,ask,3.291,0.2285,1450117739
65500400,BTC-E,ltc_eur,ltc_eur,bid,3.268,0.12209,1450117699
65500392,BTC-E,ltc_eur,ltc_eur,ask,3.268,10.03,1450117698
65500389,BTC-E,ltc_eur,ltc_eur,ask,3.27,5.015,1450117698
65500386,BTC-E,ltc_eur,ltc_eur,ask,3.27,0.1,1450117698
65500383,BTC-E,ltc_eur,ltc_eur,ask,3.271,5.015,1450117698
65500380,BTC-E,ltc_eur,ltc_eur,ask,3.272,1.91178,1450117698
65500376,BTC-E,ltc_eur,ltc_eur,ask,3.272,0.5,1450117698
65500372,BTC-E,ltc_eur,ltc_eur,ask,3.272,0.217911,1450117698
65500368,BTC-E,ltc_eur,ltc_eur,ask,3.273,100.0,1450117698
65500364,BTC-E,ltc_eur,ltc_eur,ask,3.274,0.11,1450117698
65500362,BTC-E,ltc_eur,ltc_eur,ask,3.276,0.11,1450117698
65500360,BTC-E,ltc_eur,ltc_eur,ask,3.277,0.11,1450117698
65500358,BTC-E,ltc_eur,ltc_eur,ask,3.278,0.11,1450117698
65500356,BTC-E,ltc_eur,ltc_eur,ask,3.279,1.24214,1450117698
65500354,BTC-E,ltc_eur,ltc_eur,ask,3.28,5.015,1450117698
65500310,BTC-E,ltc_eur,ltc_eur,bid,3.315,0.136,1450117467
65500112,BTC-E,ltc_eur,ltc_eur,ask,3.314,11.641,1450116999
65500111,BTC-E,ltc_eur,ltc_eur,bid,3.314,0.159,1450116998
65499809,BTC-E,ltc_eur,ltc_eur,bid,3.306,0.187,1450116221
65499794,BTC-E,ltc_eur,ltc_eur,bid,3.306,0.164,1450116177
65499689,BTC-E,ltc_eur,ltc_eur,ask,3.292,0.1121,1450115743
65499590,BTC-E,ltc_eur,ltc_eur,ask,3.292,0.1143,1450115485
65499581,BTC-E,ltc_eur,ltc_eur,ask,3.292,0.1293,1450115449
65499518,BTC-E,ltc_eur,ltc_eur,ask,3.3,0.4,1450115272
65499486,BTC-E,ltc_eur,ltc_eur,ask,3.293,0.1067,1450115165
65499383,BTC-E,ltc_eur,ltc_eur,ask,3.293,0.1121,1450115019
65499370,BTC-E,ltc_eur,ltc_eur,bid,3.286,0.1,1450114989
65499369,BTC-E,ltc_eur,ltc_eur,ask,3.286,6.3E-7,1450114987
65499355,BTC-E,ltc_eur,ltc_eur,ask,3.293,0.2539,1450114982
65499341,BTC-E,ltc_eur,ltc_eur,ask,3.288,0.11,1450114973
65499304,BTC-E,ltc_eur,ltc_eur,ask,3.293,0.3036,1450114945
65499212,BTC-E,ltc_eur,ltc_eur,ask,3.293,0.248,1450114928
65498857,BTC-E,ltc_eur,ltc_eur,ask,3.294,0.2745,1450114224
65498804,BTC-E,ltc_eur,ltc_eur,ask,3.294,0.3781,1450114189
65498751,BTC-E,ltc_eur,ltc_eur,ask,3.294,0.2416,1450114157
65498738,BTC-E,ltc_eur,ltc_eur,ask,3.295,73.7479,1450114153
65498424,BTC-E,ltc_eur,ltc_eur,ask,3.295,0.5798,1450113793
65498380,BTC-E,ltc_eur,ltc_eur,ask,3.286,0.109999,1450113729
65498379,BTC-E,ltc_eur,ltc_eur,ask,3.289,0.11,1450113729
65498378,BTC-E,ltc_eur,ltc_eur,ask,3.29,50.7955,1450113729
65498377,BTC-E,ltc_eur,ltc_eur,ask,3.29,0.11,1450113729
65498376,BTC-E,ltc_eur,ltc_eur,ask,3.293,0.11,1450113729
65498375,BTC-E,ltc_eur,ltc_eur,ask,3.295,0.6525,1450113729
65498374,BTC-E,ltc_eur,ltc_eur,ask,3.295,0.11,1450113729
65498273,BTC-E,ltc_eur,ltc_eur,ask,3.299,0.11,1450113597
65498272,BTC-E,ltc_eur,ltc_eur,ask,3.299,0.11,1450113597
65498271,BTC-E,ltc_eur,ltc_eur,ask,3.299,0.11,1450113597
65498264,BTC-E,ltc_eur,ltc_eur,ask,3.3,1.0,1450113580
65498205,BTC-E,ltc_eur,ltc_eur,ask,3.301,1.18541,1450113502
65498204,BTC-E,ltc_eur,ltc_eur,ask,3.301,2.06789,1450113501
65497843,BTC-E,ltc_eur,ltc_eur,ask,3.301,0.531228,1450112701
65497491,BTC-E,ltc_eur,ltc_eur,bid,3.345,30.0,1450112178
65497391,BTC-E,ltc_eur,ltc_eur,ask,3.338,97.064,1450112134
65497388,BTC-E,ltc_eur,ltc_eur,bid,3.338,80.081,1450112134
65496694,BTC-E,ltc_eur,ltc_eur,bid,3.338,87.3875,1450111824
65495892,BTC-E,ltc_eur,ltc_eur,bid,3.34,0.252469,1450111184
65495885,BTC-E,ltc_eur,ltc_eur,bid,3.361,47.0599,1450111157
65495884,BTC-E,ltc_eur,ltc_eur,bid,3.339,0.187,1450111157
65495883,BTC-E,ltc_eur,ltc_eur,bid,3.337,28.64,1450111157
65495522,BTC-E,ltc_eur,ltc_eur,bid,3.318,29.66,1450109961
65495516,BTC-E,ltc_eur,ltc_eur,ask,3.301,0.278169,1450109920
65494905,BTC-E,ltc_eur,ltc_eur,bid,3.326,2.27343,1450108493
65494248,BTC-E,ltc_eur,ltc_eur,ask,3.33,40.06,1450107661
65494247,BTC-E,ltc_eur,ltc_eur,bid,3.33,29.94,1450107660
65493863,BTC-E,ltc_eur,ltc_eur,bid,3.322,27.91,1450106524
65493673,BTC-E,ltc_eur,ltc_eur,bid,3.336,1.24366,1450105872
65493635,BTC-E,ltc_eur,ltc_eur,bid,3.337,0.1209,1450105763
65493608,BTC-E,ltc_eur,ltc_eur,bid,3.337,0.1487,1450105726
65493547,BTC-E,ltc_eur,ltc_eur,bid,3.336,0.127,1450105617
65493477,BTC-E,ltc_eur,ltc_eur,bid,3.336,0.1038,1450105470
65493455,BTC-E,ltc_eur,ltc_eur,bid,3.336,0.1814,1450105433
65493447,BTC-E,ltc_eur,ltc_eur,bid,3.336,0.1523,1450105397
65493429,BTC-E,ltc_eur,ltc_eur,bid,3.336,0.2031,1450105359
65493417,BTC-E,ltc_eur,ltc_eur,bid,3.336,0.1681,1450105322
65493364,BTC-E,ltc_eur,ltc_eur,bid,3.34,3.74783,1450105236
65493363,BTC-E,ltc_eur,ltc_eur,bid,3.34,0.4,1450105236
65493335,BTC-E,ltc_eur,ltc_eur,bid,3.338,28.85,1450105234
65493332,BTC-E,ltc_eur,ltc_eur,bid,3.337,7.35005,1450105234
65493168,BTC-E,ltc_eur,ltc_eur,bid,3.337,2.06757,1450104905
65492509,BTC-E,ltc_eur,ltc_eur,bid,3.332,0.36916,1450104007
65492312,BTC-E,ltc_eur,ltc_eur,bid,3.329,1.32723,1450103140
65492311,BTC-E,ltc_eur,ltc_eur,bid,3.329,1.81851,1450103139
65491723,BTC-E,ltc_eur,ltc_eur,ask,3.305,2.85348,1450102030
65491212,BTC-E,ltc_eur,ltc_eur,bid,3.339,100.0,1450100868
65491012,BTC-E,ltc_eur,ltc_eur,ask,3.303,1.40145,1450100286
65490343,BTC-E,ltc_eur,ltc_eur,ask,3.295,0.104905,1450099130
65490228,BTC-E,ltc_eur,ltc_eur,bid,3.3,2.89752,1450098865
65490227,BTC-E,ltc_eur,ltc_eur,ask,3.3,0.4,1450098863
65490226,BTC-E,ltc_eur,ltc_eur,ask,3.3,8.44372,1450098863
65512224,BTC-E,ppc_btc,ppc_btc,bid,9.7E-4,2.30581,1450143370
65512223,BTC-E,ppc_btc,ppc_btc,ask,9.7E-4,2.02527,1450143368
65512222,BTC-E,ppc_btc,ppc_btc,ask,9.7E-4,292.376,1450143368
65512220,BTC-E,ppc_btc,ppc_btc,ask,9.7E-4,707.624,1450143368
65512219,BTC-E,ppc_btc,ppc_btc,ask,9.7E-4,42.6089,1450143368
65512218,BTC-E,ppc_btc,ppc_btc,ask,9.7E-4,5.0,1450143368
65512216,BTC-E,ppc_btc,ppc_btc,ask,9.7E-4,300.0,1450143368
65512214,BTC-E,ppc_btc,ppc_btc,ask,9.7E-4,609.783,1450143368
65512200,BTC-E,ppc_btc,ppc_btc,ask,9.7E-4,2319.78,1450143317
65512199,BTC-E,ppc_btc,ppc_btc,ask,9.7E-4,1.03708,1450143317
65512198,BTC-E,ppc_btc,ppc_btc,ask,9.7E-4,1.02681,1450143317
65512197,BTC-E,ppc_btc,ppc_btc,ask,9.7E-4,0.103919,1450143317
65512196,BTC-E,ppc_btc,ppc_btc,ask,9.7E-4,100.0,1450143317
65512195,BTC-E,ppc_btc,ppc_btc,ask,9.7E-4,2.0,1450143317
65512194,BTC-E,ppc_btc,ppc_btc,ask,9.7E-4,1.06781,1450143317
65512192,BTC-E,ppc_btc,ppc_btc,ask,9.7E-4,7.70801,1450143317
65512190,BTC-E,ppc_btc,ppc_btc,ask,9.7E-4,1.03822,1450143317
65512188,BTC-E,ppc_btc,ppc_btc,ask,9.7E-4,192.701,1450143317
65512158,BTC-E,ppc_btc,ppc_btc,ask,9.7E-4,11.4545,1450143183
65512152,BTC-E,ppc_btc,ppc_btc,ask,9.7E-4,55.9333,1450143176
65512133,BTC-E,ppc_btc,ppc_btc,ask,9.8E-4,0.838116,1450143140
65512132,BTC-E,ppc_btc,ppc_btc,ask,9.7E-4,2.71667,1450143138
65511596,BTC-E,ppc_btc,ppc_btc,ask,9.7E-4,9.03151,1450141925
65511096,BTC-E,ppc_btc,ppc_btc,ask,9.7E-4,3.349,1450140955
65511094,BTC-E,ppc_btc,ppc_btc,ask,9.7E-4,199.98,1450140945
65510845,BTC-E,ppc_btc,ppc_btc,ask,9.8E-4,50.0,1450140791
65510622,BTC-E,ppc_btc,ppc_btc,ask,9.8E-4,3.04606,1450140472
65510621,BTC-E,ppc_btc,ppc_btc,ask,9.8E-4,0.0623198,1450140472
65510586,BTC-E,ppc_btc,ppc_btc,ask,9.8E-4,426.598,1450140438
65510584,BTC-E,ppc_btc,ppc_btc,ask,9.8E-4,1566.28,1450140438
65510582,BTC-E,ppc_btc,ppc_btc,ask,9.8E-4,1.16988,1450140438
65510581,BTC-E,ppc_btc,ppc_btc,ask,9.8E-4,0.422692,1450140438
65510580,BTC-E,ppc_btc,ppc_btc,ask,9.8E-4,0.101941,1450140438
65510579,BTC-E,ppc_btc,ppc_btc,ask,9.8E-4,5.40771,1450140438
65510578,BTC-E,ppc_btc,ppc_btc,ask,9.8E-4,60.222,1450140438
65510577,BTC-E,ppc_btc,ppc_btc,ask,9.8E-4,3.0,1450140438
65510576,BTC-E,ppc_btc,ppc_btc,ask,9.8E-4,1.12007,1450140438
65510575,BTC-E,ppc_btc,ppc_btc,ask,9.8E-4,0.102901,1450140438
65510574,BTC-E,ppc_btc,ppc_btc,ask,9.8E-4,0.439133,1450140438
65509834,BTC-E,ppc_btc,ppc_btc,bid,9.9E-4,3.56557,1450139561
65508597,BTC-E,ppc_btc,ppc_btc,bid,9.9E-4,32.7918,1450138774
65508545,BTC-E,ppc_btc,ppc_btc,bid,9.9E-4,3.73547,1450138567
65508531,BTC-E,ppc_btc,ppc_btc,bid,9.9E-4,0.453948,1450138517
65508529,BTC-E,ppc_btc,ppc_btc,ask,9.8E-4,0.330042,1450138513
65508520,BTC-E,ppc_btc,ppc_btc,bid,9.9E-4,3.56557,1450138508
65508517,BTC-E,ppc_btc,ppc_btc,ask,9.9E-4,66.0759,1450138507
65508493,BTC-E,ppc_btc,ppc_btc,ask,9.9E-4,6.31284,1450138397
65508486,BTC-E,ppc_btc,ppc_btc,ask,9.9E-4,5.82407,1450138324
65508401,BTC-E,ppc_btc,ppc_btc,ask,9.9E-4,6.51944,1450138245
65508390,BTC-E,ppc_btc,ppc_btc,ask,9.9E-4,8.76966,1450138172
65508347,BTC-E,ppc_btc,ppc_btc,ask,9.9E-4,6.4981,1450138094
65508241,BTC-E,ppc_btc,ppc_btc,ask,9.8E-4,0.347855,1450137883
65508220,BTC-E,ppc_btc,ppc_btc,ask,9.9E-4,0.514218,1450137769
65508219,BTC-E,ppc_btc,ppc_btc,ask,9.9E-4,1.2208,1450137769
65508200,BTC-E,ppc_btc,ppc_btc,bid,0.001,174.162,1450137693
65508182,BTC-E,ppc_btc,ppc_btc,bid,0.001,1.19607,1450137614
65508173,BTC-E,ppc_btc,ppc_btc,ask,9.9E-4,4.97869,1450137496
65508036,BTC-E,ppc_btc,ppc_btc,ask,9.9E-4,1.4836,1450137107
65508035,BTC-E,ppc_btc,ppc_btc,ask,9.9E-4,1.21163,1450137107
65507742,BTC-E,ppc_btc,ppc_btc,ask,9.9E-4,615.997,1450136735
65507309,BTC-E,ppc_btc,ppc_btc,ask,9.9E-4,11.2198,1450136318
65507299,BTC-E,ppc_btc,ppc_btc,ask,9.9E-4,12.7588,1450136308
65507230,BTC-E,ppc_btc,ppc_btc,ask,9.9E-4,67.6115,1450136216
65507158,BTC-E,ppc_btc,ppc_btc,ask,9.9E-4,8.85858,1450136187
65506946,BTC-E,ppc_btc,ppc_btc,ask,9.9E-4,0.512966,1450136108
65506635,BTC-E,ppc_btc,ppc_btc,bid,0.001,38.9169,1450135449
65506634,BTC-E,ppc_btc,ppc_btc,bid,0.001,17.7684,1450135449
65506633,BTC-E,ppc_btc,ppc_btc,bid,0.001,1.21344,1450135449
65506573,BTC-E,ppc_btc,ppc_btc,ask,9.9E-4,488.398,1450135126
65506564,BTC-E,ppc_btc,ppc_btc,ask,9.9E-4,44.7496,1450135124
65506562,BTC-E,ppc_btc,ppc_btc,ask,9.9E-4,0.102898,1450135124
65506560,BTC-E,ppc_btc,ppc_btc,ask,9.9E-4,369.767,1450135124
65506558,BTC-E,ppc_btc,ppc_btc,ask,9.9E-4,1.21344,1450135124
65506479,BTC-E,ppc_btc,ppc_btc,ask,0.001,1.2461,1450134687
65506470,BTC-E,ppc_btc,ppc_btc,bid,0.00101,290.0,1450134635
65506469,BTC-E,ppc_btc,ppc_btc,bid,0.00101,0.102695,1450134635
65506468,BTC-E,ppc_btc,ppc_btc,bid,0.00101,68.6255,1450134635
65506467,BTC-E,ppc_btc,ppc_btc,bid,0.00101,1.13969,1450134635
65506466,BTC-E,ppc_btc,ppc_btc,bid,0.00101,80.0,1450134635
65506465,BTC-E,ppc_btc,ppc_btc,bid,0.00101,1.1924,1450134635
65506464,BTC-E,ppc_btc,ppc_btc,bid,0.00101,1.23871,1450134635
65506185,BTC-E,ppc_btc,ppc_btc,ask,0.001,11.0532,1450133824
65506161,BTC-E,ppc_btc,ppc_btc,ask,0.001,10.0758,1450133770
65506112,BTC-E,ppc_btc,ppc_btc,ask,0.001,4.23,1450133681
65506110,BTC-E,ppc_btc,ppc_btc,ask,0.001,182.937,1450133660
65506108,BTC-E,ppc_btc,ppc_btc,ask,0.001,182.937,1450133660
65506103,BTC-E,ppc_btc,ppc_btc,ask,0.001,22.2314,1450133658
65506091,BTC-E,ppc_btc,ppc_btc,ask,0.001,14.5378,1450133647
65506087,BTC-E,ppc_btc,ppc_btc,ask,0.001,1.154,1450133645
65506084,BTC-E,ppc_btc,ppc_btc,bid,0.001,156.659,1450133644
65506083,BTC-E,ppc_btc,ppc_btc,bid,0.001,161.915,1450133644
65506020,BTC-E,ppc_btc,ppc_btc,ask,0.001,2853.83,1450133508
65506018,BTC-E,ppc_btc,ppc_btc,ask,0.001,208.726,1450133508
65506017,BTC-E,ppc_btc,ppc_btc,bid,0.001,1.03902,1450133508
65506016,BTC-E,ppc_btc,ppc_btc,bid,0.001,3.0,1450133508
65506015,BTC-E,ppc_btc,ppc_btc,bid,0.001,1.10207,1450133508
65506014,BTC-E,ppc_btc,ppc_btc,bid,0.001,0.102696,1450133508
65506013,BTC-E,ppc_btc,ppc_btc,bid,0.001,290.0,1450133508
65506012,BTC-E,ppc_btc,ppc_btc,bid,0.001,7.53983,1450133508
65506011,BTC-E,ppc_btc,ppc_btc,bid,0.001,1.20613,1450133508
65505808,BTC-E,ppc_btc,ppc_btc,bid,9.9E-4,58.6836,1450132843
65505807,BTC-E,ppc_btc,ppc_btc,bid,9.9E-4,371.381,1450132843
65505806,BTC-E,ppc_btc,ppc_btc,bid,9.9E-4,7.61658,1450132843
65505805,BTC-E,ppc_btc,ppc_btc,bid,9.9E-4,1.11018,1450132843
65505774,BTC-E,ppc_btc,ppc_btc,ask,9.7E-4,138.502,1450132482
65505773,BTC-E,ppc_btc,ppc_btc,ask,9.8E-4,4.85714,1450132482
65505772,BTC-E,ppc_btc,ppc_btc,ask,9.8E-4,54.9852,1450132482
65505771,BTC-E,ppc_btc,ppc_btc,ask,9.8E-4,1.65598,1450132482
65505657,BTC-E,ppc_btc,ppc_btc,ask,9.8E-4,1.34402,1450131828
65505656,BTC-E,ppc_btc,ppc_btc,ask,9.8E-4,1.10207,1450131828
65505655,BTC-E,ppc_btc,ppc_btc,ask,9.8E-4,1.13969,1450131828
65505654,BTC-E,ppc_btc,ppc_btc,ask,9.8E-4,0.102906,1450131828
65505653,BTC-E,ppc_btc,ppc_btc,ask,9.8E-4,3.03689,1450131828
65505652,BTC-E,ppc_btc,ppc_btc,ask,9.8E-4,28.2744,1450131828
65505444,BTC-E,ppc_btc,ppc_btc,ask,9.8E-4,5.78219,1450130615
65504875,BTC-E,ppc_btc,ppc_btc,ask,9.8E-4,34.2043,1450129119
65504600,BTC-E,ppc_btc,ppc_btc,ask,9.8E-4,31.7391,1450128067
65504599,BTC-E,ppc_btc,ppc_btc,ask,9.8E-4,7.63185,1450128067
65504598,BTC-E,ppc_btc,ppc_btc,ask,9.8E-4,1.11018,1450128067
65504597,BTC-E,ppc_btc,ppc_btc,ask,9.9E-4,0.595316,1450128067
65504596,BTC-E,ppc_btc,ppc_btc,ask,9.9E-4,372.125,1450128067
65504595,BTC-E,ppc_btc,ppc_btc,ask,9.9E-4,239.798,1450128067
65504535,BTC-E,ppc_btc,ppc_btc,bid,9.9E-4,10.2017,1450127828
65504485,BTC-E,ppc_btc,ppc_btc,bid,9.9E-4,91.0,1450127737
65504346,BTC-E,ppc_btc,ppc_btc,bid,9.9E-4,7.55495,1450127307
65504258,BTC-E,ppc_btc,ppc_btc,bid,9.9E-4,1.20613,1450127207
65504257,BTC-E,ppc_btc,ppc_btc,ask,9.9E-4,1.1924,1450127205
65504252,BTC-E,ppc_btc,ppc_btc,bid,0.001,1.23871,1450127204
65504230,BTC-E,ppc_btc,ppc_btc,bid,0.00101,51.2873,1450127179
65504229,BTC-E,ppc_btc,ppc_btc,bid,0.00101,1.11027,1450127179
65504228,BTC-E,ppc_btc,ppc_btc,bid,0.00101,1.17348,1450127179
65504227,BTC-E,ppc_btc,ppc_btc,bid,0.00101,1.23137,1450127179
65504226,BTC-E,ppc_btc,ppc_btc,bid,0.00101,85.8927,1450127179
65504225,BTC-E,ppc_btc,ppc_btc,bid,0.001,698.071,1450127179
65504224,BTC-E,ppc_btc,ppc_btc,bid,0.001,3.0,1450127179
65504223,BTC-E,ppc_btc,ppc_btc,bid,0.001,1.08436,1450127179
65504222,BTC-E,ppc_btc,ppc_btc,bid,0.001,0.103723,1450127179
65504221,BTC-E,ppc_btc,ppc_btc,bid,0.001,8.53,1450127179
65504220,BTC-E,ppc_btc,ppc_btc,bid,0.001,7.53924,1450127179
65504219,BTC-E,ppc_btc,ppc_btc,bid,0.001,1.19886,1450127179
65504218,BTC-E,ppc_btc,ppc_btc,bid,0.001,53.9935,1450127179
65504217,BTC-E,ppc_btc,ppc_btc,bid,9.9E-4,85.7844,1450127179
65503984,BTC-E,ppc_btc,ppc_btc,ask,9.9E-4,0.19,1450126736
65503983,BTC-E,ppc_btc,ppc_btc,ask,9.9E-4,0.3,1450126736
65503507,BTC-E,ppc_btc,ppc_btc,bid,0.001,0.287575,1450124968
65503237,BTC-E,ppc_btc,ppc_btc,bid,9.9E-4,3.01222,1450124168
65502666,BTC-E,ppc_btc,ppc_btc,ask,9.9E-4,1.3602,1450123051
65502434,BTC-E,ppc_btc,ppc_btc,bid,9.9E-4,1140.85,1450122476
65501903,BTC-E,ppc_btc,ppc_btc,bid,9.9E-4,1796.67,1450121092
65501902,BTC-E,ppc_btc,ppc_btc,bid,9.9E-4,7.61637,1450121092
65512136,BTC-E,ltc_usd,ltc_usd,ask,3.53379,0.102529,1450143140
65512029,BTC-E,ltc_usd,ltc_usd,ask,3.56908,0.2,1450142722
65512028,BTC-E,ltc_usd,ltc_usd,bid,3.56908,0.1,1450142722
65512008,BTC-E,ltc_usd,ltc_usd,ask,3.56,0.692118,1450142649
65512007,BTC-E,ltc_usd,ltc_usd,bid,3.56,0.103632,1450142648
65511989,BTC-E,ltc_usd,ltc_usd,ask,3.56,25.0,1450142612
65511988,BTC-E,ltc_usd,ltc_usd,bid,3.53,92.7478,1450142610
65511987,BTC-E,ltc_usd,ltc_usd,bid,3.53,16.2,1450142610
65511986,BTC-E,ltc_usd,ltc_usd,bid,3.53,505.862,1450142609
65511985,BTC-E,ltc_usd,ltc_usd,bid,3.53,317.718,1450142609
65511984,BTC-E,ltc_usd,ltc_usd,bid,3.53,403.47,1450142609
65511983,BTC-E,ltc_usd,ltc_usd,bid,3.53,104.188,1450142609
65511977,BTC-E,ltc_usd,ltc_usd,bid,3.53,29.1549,1450142609
65511936,BTC-E,ltc_usd,ltc_usd,ask,3.53,0.423,1450142608
65511935,BTC-E,ltc_usd,ltc_usd,ask,3.53,0.105983,1450142608
65511934,BTC-E,ltc_usd,ltc_usd,ask,3.53,0.103632,1450142608
65511933,BTC-E,ltc_usd,ltc_usd,ask,3.53018,0.340902,1450142608
65511932,BTC-E,ltc_usd,ltc_usd,ask,3.53061,0.382312,1450142608
65511931,BTC-E,ltc_usd,ltc_usd,ask,3.53069,0.340902,1450142608
65511930,BTC-E,ltc_usd,ltc_usd,ask,3.53094,200.0,1450142608
65511929,BTC-E,ltc_usd,ltc_usd,ask,3.53157,0.382312,1450142608
65511928,BTC-E,ltc_usd,ltc_usd,ask,3.53284,0.736372,1450142608
65511927,BTC-E,ltc_usd,ltc_usd,ask,3.53344,0.123098,1450142608
65511926,BTC-E,ltc_usd,ltc_usd,ask,3.53374,0.1003,1450142608
65511925,BTC-E,ltc_usd,ltc_usd,ask,3.53427,0.123098,1450142608
65511924,BTC-E,ltc_usd,ltc_usd,ask,3.5345,0.246418,1450142608
65511923,BTC-E,ltc_usd,ltc_usd,ask,3.535,115.452,1450142608
65511922,BTC-E,ltc_usd,ltc_usd,ask,3.535,44.29,1450142608
65511921,BTC-E,ltc_usd,ltc_usd,ask,3.53719,0.382312,1450142608
65511920,BTC-E,ltc_usd,ltc_usd,ask,3.53783,0.165944,1450142608
65511919,BTC-E,ltc_usd,ltc_usd,ask,3.5385,0.837048,1450142608
65511918,BTC-E,ltc_usd,ltc_usd,ask,3.53869,7.96436,1450142608
65511917,BTC-E,ltc_usd,ltc_usd,ask,3.53892,0.165944,1450142608
65511916,BTC-E,ltc_usd,ltc_usd,ask,3.54,100.0,1450142608
65511915,BTC-E,ltc_usd,ltc_usd,ask,3.54,0.104997,1450142608
65511914,BTC-E,ltc_usd,ltc_usd,ask,3.54016,34.069,1450142608
65511913,BTC-E,ltc_usd,ltc_usd,ask,3.54016,8.9538,1450142608
65511912,BTC-E,ltc_usd,ltc_usd,ask,3.54016,262.31,1450142608
65511911,BTC-E,ltc_usd,ltc_usd,ask,3.54017,282.473,1450142608
65511910,BTC-E,ltc_usd,ltc_usd,ask,3.5402,0.165944,1450142608
65511909,BTC-E,ltc_usd,ltc_usd,ask,3.54029,0.165832,1450142608
65511908,BTC-E,ltc_usd,ltc_usd,ask,3.54096,0.165832,1450142608
65511907,BTC-E,ltc_usd,ltc_usd,ask,3.5422,0.165944,1450142608
65511906,BTC-E,ltc_usd,ltc_usd,ask,3.5427,0.165832,1450142608
65511905,BTC-E,ltc_usd,ltc_usd,ask,3.54418,0.165944,1450142608
65511904,BTC-E,ltc_usd,ltc_usd,ask,3.54487,0.165832,1450142608
65511903,BTC-E,ltc_usd,ltc_usd,ask,3.54499,0.123098,1450142608
65511902,BTC-E,ltc_usd,ltc_usd,ask,3.54532,0.165832,1450142608
65511901,BTC-E,ltc_usd,ltc_usd,ask,3.54542,0.329034,1450142608
65511900,BTC-E,ltc_usd,ltc_usd,ask,3.54606,0.123098,1450142608
65511899,BTC-E,ltc_usd,ltc_usd,ask,3.54683,0.165832,1450142608
65511898,BTC-E,ltc_usd,ltc_usd,ask,3.54694,0.165944,1450142608
65511897,BTC-E,ltc_usd,ltc_usd,ask,3.54753,0.123098,1450142608
65511896,BTC-E,ltc_usd,ltc_usd,ask,3.54795,0.165944,1450142608
65511895,BTC-E,ltc_usd,ltc_usd,ask,3.548,0.325,1450142608
65511894,BTC-E,ltc_usd,ltc_usd,ask,3.54858,0.123098,1450142608
65511893,BTC-E,ltc_usd,ltc_usd,ask,3.54864,0.33038,1450142608
65511892,BTC-E,ltc_usd,ltc_usd,ask,3.5493,0.123098,1450142608
65511891,BTC-E,ltc_usd,ltc_usd,ask,3.55,8.0,1450142608
65511890,BTC-E,ltc_usd,ltc_usd,ask,3.55,4.63411,1450142608
65511889,BTC-E,ltc_usd,ltc_usd,ask,3.55,50.042,1450142608
65511888,BTC-E,ltc_usd,ltc_usd,ask,3.55,0.123098,1450142608
65511887,BTC-E,ltc_usd,ltc_usd,ask,3.55,128.4,1450142608
65511748,BTC-E,ltc_usd,ltc_usd,bid,3.56637,0.165034,1450142354
65511627,BTC-E,ltc_usd,ltc_usd,ask,3.56637,5.5E-7,1450142015
65511625,BTC-E,ltc_usd,ltc_usd,ask,3.56637,2.34413,1450142008
65511621,BTC-E,ltc_usd,ltc_usd,ask,3.56637,0.74779,1450142002
65511560,BTC-E,ltc_usd,ltc_usd,ask,3.55001,0.2848,1450141802
65511558,BTC-E,ltc_usd,ltc_usd,ask,3.55001,0.282234,1450141801
65511556,BTC-E,ltc_usd,ltc_usd,ask,3.55001,0.256576,1450141800
65511467,BTC-E,ltc_usd,ltc_usd,ask,3.56,9.16366,1450141562
65511466,BTC-E,ltc_usd,ltc_usd,ask,3.56055,0.165832,1450141560
65511463,BTC-E,ltc_usd,ltc_usd,ask,3.56218,0.165944,1450141557
65511462,BTC-E,ltc_usd,ltc_usd,ask,3.5643,0.165944,1450141555
65511461,BTC-E,ltc_usd,ltc_usd,ask,3.56467,0.165832,1450141554
65511456,BTC-E,ltc_usd,ltc_usd,ask,3.56487,0.33038,1450141552
65511433,BTC-E,ltc_usd,ltc_usd,ask,3.56506,0.165944,1450141510
65511396,BTC-E,ltc_usd,ltc_usd,ask,3.56793,0.165944,1450141497
65511392,BTC-E,ltc_usd,ltc_usd,ask,3.56896,0.329034,1450141484
65511364,BTC-E,ltc_usd,ltc_usd,ask,3.56824,0.33038,1450141446
65511350,BTC-E,ltc_usd,ltc_usd,ask,3.56916,0.33038,1450141413
65511344,BTC-E,ltc_usd,ltc_usd,ask,3.57364,53.2819,1450141412
65511324,BTC-E,ltc_usd,ltc_usd,ask,3.57364,0.2528,1450141400
65511322,BTC-E,ltc_usd,ltc_usd,ask,3.57364,1.21094,1450141377
65511318,BTC-E,ltc_usd,ltc_usd,ask,3.57364,0.3066,1450141363
65511309,BTC-E,ltc_usd,ltc_usd,ask,3.57364,65.5518,1450141346
65511291,BTC-E,ltc_usd,ltc_usd,ask,3.57364,0.4125,1450141326
65511283,BTC-E,ltc_usd,ltc_usd,ask,3.57364,1.32551,1450141312
65511276,BTC-E,ltc_usd,ltc_usd,ask,3.57364,0.3819,1450141289
65511274,BTC-E,ltc_usd,ltc_usd,ask,3.57364,1.0,1450141276
65511273,BTC-E,ltc_usd,ltc_usd,bid,3.57321,0.165038,1450141275
65511272,BTC-E,ltc_usd,ltc_usd,bid,3.573,14.3,1450141275
65511271,BTC-E,ltc_usd,ltc_usd,bid,3.572,14.72,1450141275
65511270,BTC-E,ltc_usd,ltc_usd,bid,3.572,14.84,1450141275
65511236,BTC-E,ltc_usd,ltc_usd,ask,3.56962,0.46426,1450141250
65511208,BTC-E,ltc_usd,ltc_usd,ask,3.57037,0.329034,1450141181
65511203,BTC-E,ltc_usd,ltc_usd,bid,3.575,12.9966,1450141133
65511181,BTC-E,ltc_usd,ltc_usd,bid,3.575,12.9966,1450141128
65511179,BTC-E,ltc_usd,ltc_usd,bid,3.575,12.9966,1450141124
65511177,BTC-E,ltc_usd,ltc_usd,bid,3.575,13.0123,1450141120
65511175,BTC-E,ltc_usd,ltc_usd,bid,3.575,11.4147,1450141118
65511174,BTC-E,ltc_usd,ltc_usd,bid,3.575,12.9966,1450141116
65511172,BTC-E,ltc_usd,ltc_usd,ask,3.57473,0.297004,1450141112
65511171,BTC-E,ltc_usd,ltc_usd,bid,3.575,13.0123,1450141111
65511169,BTC-E,ltc_usd,ltc_usd,bid,3.575,13.0123,1450141107
65511167,BTC-E,ltc_usd,ltc_usd,bid,3.57328,0.165034,1450141103
65511166,BTC-E,ltc_usd,ltc_usd,bid,3.575,13.0088,1450141102
65511163,BTC-E,ltc_usd,ltc_usd,bid,3.575,12.2055,1450141098
65511162,BTC-E,ltc_usd,ltc_usd,bid,3.57482,0.329034,1450141098
65511161,BTC-E,ltc_usd,ltc_usd,bid,3.57473,0.462038,1450141098
65511159,BTC-E,ltc_usd,ltc_usd,bid,3.57464,0.33038,1450141087
65511132,BTC-E,ltc_usd,ltc_usd,ask,3.56983,0.165832,1450141014
65511131,BTC-E,ltc_usd,ltc_usd,bid,3.57463,0.757046,1450141010
65511106,BTC-E,ltc_usd,ltc_usd,bid,3.57461,7.81402,1450140997
65511077,BTC-E,ltc_usd,ltc_usd,bid,3.57461,0.166164,1450140904
65511074,BTC-E,ltc_usd,ltc_usd,ask,3.56855,0.165832,1450140903
65511071,BTC-E,ltc_usd,ltc_usd,bid,3.57461,12.8549,1450140886
65511070,BTC-E,ltc_usd,ltc_usd,bid,3.57354,0.005048,1450140886
65511059,BTC-E,ltc_usd,ltc_usd,bid,3.57354,0.992952,1450140881
65511058,BTC-E,ltc_usd,ltc_usd,bid,3.57354,0.165038,1450140881
65511057,BTC-E,ltc_usd,ltc_usd,bid,3.571,0.1002,1450140881
65511018,BTC-E,ltc_usd,ltc_usd,ask,3.57211,0.329034,1450140853
65510977,BTC-E,ltc_usd,ltc_usd,ask,3.5714,1.21062,1450140818
65510847,BTC-E,ltc_usd,ltc_usd,ask,3.5714,138.496,1450140802
65510842,BTC-E,ltc_usd,ltc_usd,ask,3.5714,148.0,1450140788
65510826,BTC-E,ltc_usd,ltc_usd,ask,3.57215,0.33038,1450140755
65510770,BTC-E,ltc_usd,ltc_usd,bid,3.57461,0.676503,1450140735
65510769,BTC-E,ltc_usd,ltc_usd,bid,3.57429,0.925034,1450140735
65510768,BTC-E,ltc_usd,ltc_usd,bid,3.57426,0.33038,1450140735
65510766,BTC-E,ltc_usd,ltc_usd,bid,3.57406,0.57806,1450140735
65510764,BTC-E,ltc_usd,ltc_usd,bid,3.57406,0.178986,1450140733
65510763,BTC-E,ltc_usd,ltc_usd,bid,3.57376,0.294653,1450140733
65510762,BTC-E,ltc_usd,ltc_usd,bid,3.57375,0.329034,1450140733
65510761,BTC-E,ltc_usd,ltc_usd,bid,3.57364,0.757046,1450140733
65510730,BTC-E,ltc_usd,ltc_usd,bid,3.5714,0.499,1450140679
65510729,BTC-E,ltc_usd,ltc_usd,bid,3.5714,0.165038,1450140679
65510692,BTC-E,ltc_usd,ltc_usd,ask,3.566,0.25,1450140579
65510690,BTC-E,ltc_usd,ltc_usd,ask,3.56611,0.165832,1450140579
65510688,BTC-E,ltc_usd,ltc_usd,ask,3.56691,0.145148,1450140579
65510664,BTC-E,ltc_usd,ltc_usd,ask,3.56691,0.183886,1450140531
65510663,BTC-E,ltc_usd,ltc_usd,ask,3.56724,0.165832,1450140531
65510662,BTC-E,ltc_usd,ltc_usd,ask,3.56775,0.165832,1450140531
65510661,BTC-E,ltc_usd,ltc_usd,ask,3.56827,0.33038,1450140531
65510660,BTC-E,ltc_usd,ltc_usd,ask,3.56918,0.329034,1450140531
65510659,BTC-E,ltc_usd,ltc_usd,ask,3.56979,0.329034,1450140531
65510654,BTC-E,ltc_usd,ltc_usd,bid,3.571,0.1129,1450140529
65510630,BTC-E,ltc_usd,ltc_usd,ask,3.57351,0.0280377,1450140487
65510592,BTC-E,ltc_usd,ltc_usd,ask,3.57351,0.2846,1450140450
65510558,BTC-E,ltc_usd,ltc_usd,ask,3.57351,0.3419,1450140414
65510553,BTC-E,ltc_usd,ltc_usd,bid,3.57351,34.4288,1450140398
65512259,BTC-E,usd_rur,usd_rur,bid,69.8728,0.132,1450143497
65512053,BTC-E,usd_rur,usd_rur,ask,69.5202,5.71102,1450142814
65512020,BTC-E,usd_rur,usd_rur,ask,69.5202,88.15,1450142707
65511662,BTC-E,usd_rur,usd_rur,bid,69.88,0.41,1450142142
65511655,BTC-E,usd_rur,usd_rur,ask,69.5201,4.66141,1450142113
65511346,BTC-E,usd_rur,usd_rur,ask,69.5201,190.22,1450141412
65511308,BTC-E,usd_rur,usd_rur,bid,69.9728,234.025,1450141346
65511307,BTC-E,usd_rur,usd_rur,ask,69.5201,62.0082,1450141339
65511306,BTC-E,usd_rur,usd_rur,ask,69.521,55.6696,1450141339
65511305,BTC-E,usd_rur,usd_rur,ask,69.523,7.8686,1450141339
65510725,BTC-E,usd_rur,usd_rur,ask,69.522,10.6296,1450140675
65510604,BTC-E,usd_rur,usd_rur,ask,69.522,121.68,1450140451
65510254,BTC-E,usd_rur,usd_rur,ask,69.522,28.7818,1450140346
65510063,BTC-E,usd_rur,usd_rur,ask,69.521,5.53998,1450139830
65510008,BTC-E,usd_rur,usd_rur,ask,69.521,5.53998,1450139773
65509946,BTC-E,usd_rur,usd_rur,ask,69.521,5.53638,1450139663
65509688,BTC-E,usd_rur,usd_rur,ask,69.521,30.8404,1450139360
65509686,BTC-E,usd_rur,usd_rur,ask,69.53,0.117929,1450139360
65509684,BTC-E,usd_rur,usd_rur,ask,69.53,20.0,1450139360
65509674,BTC-E,usd_rur,usd_rur,bid,69.964,0.132,1450139351
65508528,BTC-E,usd_rur,usd_rur,bid,69.9729,6.3,1450138510
65508037,BTC-E,usd_rur,usd_rur,bid,69.973,2.0,1450137130
65506790,BTC-E,usd_rur,usd_rur,bid,69.97,13.9252,1450135988
65506754,BTC-E,usd_rur,usd_rur,ask,69.5201,57.4,1450135831
65506508,BTC-E,usd_rur,usd_rur,ask,69.5201,11.8243,1450134819
65506476,BTC-E,usd_rur,usd_rur,bid,69.97,1.0,1450134660
65506289,BTC-E,usd_rur,usd_rur,bid,69.972,3.0,1450134213
65505944,BTC-E,usd_rur,usd_rur,bid,69.973,6.59833,1450133269
65505748,BTC-E,usd_rur,usd_rur,ask,69.52,66.7378,1450132282
65505747,BTC-E,usd_rur,usd_rur,ask,69.52,40.0,1450132282
65505746,BTC-E,usd_rur,usd_rur,ask,69.52,25.2211,1450132282
65505608,BTC-E,usd_rur,usd_rur,bid,69.98,9.19132,1450131494
65505468,BTC-E,usd_rur,usd_rur,bid,69.98,261.42,1450130650
65505467,BTC-E,usd_rur,usd_rur,bid,69.9798,2.0,1450130650
65505466,BTC-E,usd_rur,usd_rur,bid,69.979,324.756,1450130650
65505465,BTC-E,usd_rur,usd_rur,bid,69.97,93.0215,1450130650
65505464,BTC-E,usd_rur,usd_rur,bid,69.969,2.0,1450130650
65505463,BTC-E,usd_rur,usd_rur,bid,69.9682,0.3993,1450130650
65505462,BTC-E,usd_rur,usd_rur,bid,69.96,49.9,1450130650
65505461,BTC-E,usd_rur,usd_rur,bid,69.955,1.0,1450130650
65505460,BTC-E,usd_rur,usd_rur,bid,69.95,144.37,1450130650
65505454,BTC-E,usd_rur,usd_rur,bid,69.95,155.03,1450130626
65505453,BTC-E,usd_rur,usd_rur,bid,69.95,1.11776,1450130626
65505452,BTC-E,usd_rur,usd_rur,bid,69.949,2.0,1450130626
65505451,BTC-E,usd_rur,usd_rur,bid,69.94,129.107,1450130626
65505450,BTC-E,usd_rur,usd_rur,bid,69.939,4.0,1450130626
65505449,BTC-E,usd_rur,usd_rur,bid,69.938,1.0,1450130626
65505448,BTC-E,usd_rur,usd_rur,bid,69.88,147.233,1450130626
65505289,BTC-E,usd_rur,usd_rur,bid,69.88,4.81415,1450130270
65504954,BTC-E,usd_rur,usd_rur,ask,69.5126,2.39175,1450129622
65504845,BTC-E,usd_rur,usd_rur,bid,69.88,12.9562,1450129022
65504787,BTC-E,usd_rur,usd_rur,bid,69.88,1.10954,1450128796
65504641,BTC-E,usd_rur,usd_rur,ask,69.5126,2.39135,1450128339
65504588,BTC-E,usd_rur,usd_rur,bid,69.88,0.88,1450128025
65504497,BTC-E,usd_rur,usd_rur,bid,69.88,2.09695,1450127789
65504360,BTC-E,usd_rur,usd_rur,ask,69.939,349.584,1450127330
65504359,BTC-E,usd_rur,usd_rur,bid,69.939,50.0,1450127329
65504328,BTC-E,usd_rur,usd_rur,ask,69.5126,0.436574,1450127272
65503954,BTC-E,usd_rur,usd_rur,ask,69.9305,3.02173,1450126615
65503943,BTC-E,usd_rur,usd_rur,bid,69.9305,0.132,1450126585
65503825,BTC-E,usd_rur,usd_rur,bid,69.89,0.957711,1450125885
65503823,BTC-E,usd_rur,usd_rur,bid,69.89,8.28232,1450125885
65503811,BTC-E,usd_rur,usd_rur,bid,69.89,1.19494,1450125827
65503744,BTC-E,usd_rur,usd_rur,bid,69.89,43.9151,1450125673
65503605,BTC-E,usd_rur,usd_rur,bid,69.89,7.4406,1450125265
65503380,BTC-E,usd_rur,usd_rur,bid,69.89,16.9647,1450124484
65503371,BTC-E,usd_rur,usd_rur,bid,69.89,4.84336,1450124468
65503369,BTC-E,usd_rur,usd_rur,bid,69.89,14.5282,1450124468
65503191,BTC-E,usd_rur,usd_rur,bid,69.89,1.41538,1450123949
65503165,BTC-E,usd_rur,usd_rur,bid,69.89,1.41538,1450123881
65503018,BTC-E,usd_rur,usd_rur,ask,69.89,0.262,1450123457
65502990,BTC-E,usd_rur,usd_rur,ask,69.89,4.99,1450123430
65502989,BTC-E,usd_rur,usd_rur,bid,69.89,0.348,1450123428
65502718,BTC-E,usd_rur,usd_rur,bid,69.94,158.176,1450123106
65502713,BTC-E,usd_rur,usd_rur,bid,69.94,437.717,1450123096
65502712,BTC-E,usd_rur,usd_rur,bid,69.94,10.0,1450123096
65502711,BTC-E,usd_rur,usd_rur,bid,69.91,506.397,1450123096
65502710,BTC-E,usd_rur,usd_rur,bid,69.91,0.101849,1450123096
65502709,BTC-E,usd_rur,usd_rur,bid,69.9,50.884,1450123096
65502708,BTC-E,usd_rur,usd_rur,bid,69.9,11.5,1450123096
65502707,BTC-E,usd_rur,usd_rur,bid,69.9,10.0,1450123096
65502706,BTC-E,usd_rur,usd_rur,bid,69.9,20.0,1450123096
65502705,BTC-E,usd_rur,usd_rur,bid,69.9,3.64281,1450123096
65502704,BTC-E,usd_rur,usd_rur,bid,69.89,15.0,1450123096
65502703,BTC-E,usd_rur,usd_rur,bid,69.89,348.497,1450123096
65502701,BTC-E,usd_rur,usd_rur,bid,69.88,0.1491,1450123096
65502679,BTC-E,usd_rur,usd_rur,bid,69.89,54.5586,1450123051
65502678,BTC-E,usd_rur,usd_rur,bid,69.89,14.7062,1450123051
65502677,BTC-E,usd_rur,usd_rur,bid,69.8804,0.1364,1450123051
65502676,BTC-E,usd_rur,usd_rur,bid,69.87,905.675,1450123051
65502675,BTC-E,usd_rur,usd_rur,bid,69.87,100.0,1450123051
65502674,BTC-E,usd_rur,usd_rur,bid,69.8608,0.13728,1450123051
65502673,BTC-E,usd_rur,usd_rur,bid,69.8517,0.13746,1450123051
65502672,BTC-E,usd_rur,usd_rur,bid,69.8399,2.0,1450123051
65502671,BTC-E,usd_rur,usd_rur,bid,69.8299,34.9851,1450123051
65502670,BTC-E,usd_rur,usd_rur,bid,69.818,50.0,1450123051
65502669,BTC-E,usd_rur,usd_rur,bid,69.818,50.0,1450123051
65502668,BTC-E,usd_rur,usd_rur,bid,69.818,49.7,1450123051
65502667,BTC-E,usd_rur,usd_rur,bid,69.8,147.284,1450123051
65502665,BTC-E,usd_rur,usd_rur,bid,69.8,0.592696,1450123051
65502589,BTC-E,usd_rur,usd_rur,bid,69.8,55.2164,1450122908
65502588,BTC-E,usd_rur,usd_rur,bid,69.8,51.0704,1450122908
65502587,BTC-E,usd_rur,usd_rur,bid,69.7999,675.666,1450122908
65502586,BTC-E,usd_rur,usd_rur,bid,69.7998,2.91419,1450122908
65502509,BTC-E,usd_rur,usd_rur,bid,69.7998,10.1793,1450122741
65502039,BTC-E,usd_rur,usd_rur,ask,69.8,86.1597,1450121418
65502038,BTC-E,usd_rur,usd_rur,ask,69.8,256.148,1450121418
65502037,BTC-E,usd_rur,usd_rur,bid,69.8,60.5902,1450121418
65502036,BTC-E,usd_rur,usd_rur,bid,69.8,24.4729,1450121418
65501965,BTC-E,usd_rur,usd_rur,bid,69.8,5.90596,1450121284
65501422,BTC-E,usd_rur,usd_rur,bid,69.7922,0.15949,1450120107
65500950,BTC-E,usd_rur,usd_rur,ask,69.41,0.425011,1450119202
65500946,BTC-E,usd_rur,usd_rur,ask,69.41,500.614,1450119182
65500917,BTC-E,usd_rur,usd_rur,bid,69.7922,0.15949,1450119148
65500825,BTC-E,usd_rur,usd_rur,bid,69.41,5.94466,1450118699
65500824,BTC-E,usd_rur,usd_rur,ask,69.41,4.20762,1450118698
65500562,BTC-E,usd_rur,usd_rur,ask,69.41,0.707648,1450118223
65500267,BTC-E,usd_rur,usd_rur,bid,69.81,4.1919,1450117317
65499868,BTC-E,usd_rur,usd_rur,bid,69.8098,0.15949,1450116406
65499743,BTC-E,usd_rur,usd_rur,ask,69.41,79.29,1450116034
65499504,BTC-E,usd_rur,usd_rur,ask,69.41,83.57,1450115231
65499503,BTC-E,usd_rur,usd_rur,ask,69.4101,150.0,1450115231
65499027,BTC-E,usd_rur,usd_rur,ask,69.823,5.0,1450114651
65499025,BTC-E,usd_rur,usd_rur,bid,69.8399,103.316,1450114644
65499024,BTC-E,usd_rur,usd_rur,bid,69.8314,0.15949,1450114644
65499023,BTC-E,usd_rur,usd_rur,bid,69.823,0.1859,1450114644
65499022,BTC-E,usd_rur,usd_rur,bid,69.823,4.89108,1450114644
65498951,BTC-E,usd_rur,usd_rur,ask,69.41,17.675,1450114541
65498635,BTC-E,usd_rur,usd_rur,ask,69.41,22.7431,1450114133
65498591,BTC-E,usd_rur,usd_rur,ask,69.41,62.56,1450114036
65498210,BTC-E,usd_rur,usd_rur,ask,69.41,6.20895,1450113509
65497717,BTC-E,usd_rur,usd_rur,bid,69.411,353.286,1450112403
65497698,BTC-E,usd_rur,usd_rur,ask,69.411,20.0,1450112384
65496755,BTC-E,usd_rur,usd_rur,ask,69.411,4.90089,1450111835
65495834,BTC-E,usd_rur,usd_rur,bid,69.89,85.2938,1450110931
65495833,BTC-E,usd_rur,usd_rur,bid,69.88,50.0,1450110931
65495832,BTC-E,usd_rur,usd_rur,bid,69.8766,4.90089,1450110930
65495831,BTC-E,usd_rur,usd_rur,bid,69.7334,0.132,1450110930
65495494,BTC-E,usd_rur,usd_rur,ask,69.401,254.36,1450109841
65495493,BTC-E,usd_rur,usd_rur,ask,69.41,138.752,1450109841
65495473,BTC-E,usd_rur,usd_rur,bid,69.41,206.801,1450109689
65495471,BTC-E,usd_rur,usd_rur,ask,69.41,56.2702,1450109688
65495428,BTC-E,usd_rur,usd_rur,bid,69.41,51.987,1450109586
65495427,BTC-E,usd_rur,usd_rur,ask,69.41,23.5,1450109585
65495350,BTC-E,usd_rur,usd_rur,bid,69.73,0.3335,1450109363
65495009,BTC-E,usd_rur,usd_rur,ask,69.41,15.8798,1450108688
65494964,BTC-E,usd_rur,usd_rur,bid,69.4101,316.103,1450108536
65494952,BTC-E,usd_rur,usd_rur,ask,69.4101,4.91071,1450108535
65494951,BTC-E,usd_rur,usd_rur,ask,69.4101,16.7921,1450108535
65494833,BTC-E,usd_rur,usd_rur,bid,69.73,1.591,1450108438
65512211,BTC-E,ppc_usd,ppc_usd,bid,0.43,297.302,1450143368
65512209,BTC-E,ppc_usd,ppc_usd,ask,0.43,0.233,1450143368
65512208,BTC-E,ppc_usd,ppc_usd,ask,0.43,1.11273,1450143368
65512207,BTC-E,ppc_usd,ppc_usd,ask,0.43,1668.35,1450143368
65512187,BTC-E,ppc_usd,ppc_usd,ask,0.43,0.274517,1450143317
65512186,BTC-E,ppc_usd,ppc_usd,ask,0.43,2631.73,1450143317
65512163,BTC-E,ppc_usd,ppc_usd,bid,0.43,8.15062,1450143192
65512161,BTC-E,ppc_usd,ppc_usd,bid,0.43,0.933,1450143184
65512157,BTC-E,ppc_usd,ppc_usd,bid,0.43,11.4775,1450143183
65512156,BTC-E,ppc_usd,ppc_usd,bid,0.43,0.5,1450143182
65512148,BTC-E,ppc_usd,ppc_usd,bid,0.43,56.0454,1450143176
65512145,BTC-E,ppc_usd,ppc_usd,ask,0.43,0.996,1450143174
65512144,BTC-E,ppc_usd,ppc_usd,ask,0.43,77.5194,1450143174
65512143,BTC-E,ppc_usd,ppc_usd,ask,0.43,0.11,1450143174
65512142,BTC-E,ppc_usd,ppc_usd,ask,0.43,0.1003,1450143174
65512141,BTC-E,ppc_usd,ppc_usd,ask,0.43,17.84,1450143174
65512139,BTC-E,ppc_usd,ppc_usd,bid,0.431,214.267,1450143153
65512137,BTC-E,ppc_usd,ppc_usd,bid,0.431,1.26257,1450143144
65512134,BTC-E,ppc_usd,ppc_usd,bid,0.431,0.839796,1450143140
65512130,BTC-E,ppc_usd,ppc_usd,bid,0.431,2.72211,1450143138
65512127,BTC-E,ppc_usd,ppc_usd,ask,0.431,0.11,1450143136
65511794,BTC-E,ppc_usd,ppc_usd,ask,0.434,140.355,1450142468
65511672,BTC-E,ppc_usd,ppc_usd,ask,0.434,103.553,1450142158
65511604,BTC-E,ppc_usd,ppc_usd,ask,0.434,6.09188,1450141955
65511561,BTC-E,ppc_usd,ppc_usd,bid,0.434,0.1,1450141802
65511465,BTC-E,ppc_usd,ppc_usd,bid,0.434,17.804,1450141559
65511460,BTC-E,ppc_usd,ppc_usd,bid,0.43,269.144,1450141553
65511459,BTC-E,ppc_usd,ppc_usd,ask,0.43,4.916,1450141553
65511458,BTC-E,ppc_usd,ppc_usd,ask,0.43,0.1003,1450141553
65511457,BTC-E,ppc_usd,ppc_usd,ask,0.43,17.84,1450141553
65511209,BTC-E,ppc_usd,ppc_usd,bid,0.434,0.1,1450141183
65511158,BTC-E,ppc_usd,ppc_usd,bid,0.434,17.804,1450141083
65511154,BTC-E,ppc_usd,ppc_usd,ask,0.43,1.16,1450141080
65511153,BTC-E,ppc_usd,ppc_usd,ask,0.43,270.0,1450141080
65511152,BTC-E,ppc_usd,ppc_usd,ask,0.43,17.84,1450141080
65511101,BTC-E,ppc_usd,ppc_usd,bid,0.434,17.804,1450140967
65511100,BTC-E,ppc_usd,ppc_usd,bid,0.43,2.0597,1450140966
65511099,BTC-E,ppc_usd,ppc_usd,ask,0.43,270.0,1450140965
65511098,BTC-E,ppc_usd,ppc_usd,ask,0.43,0.1003,1450140965
65511097,BTC-E,ppc_usd,ppc_usd,ask,0.43,17.84,1450140965
65511081,BTC-E,ppc_usd,ppc_usd,bid,0.433,791.581,1450140914
65511080,BTC-E,ppc_usd,ppc_usd,bid,0.433,164.4,1450140913
65511079,BTC-E,ppc_usd,ppc_usd,ask,0.433,44.0191,1450140913
65510626,BTC-E,ppc_usd,ppc_usd,bid,0.435,0.5,1450140481
65510572,BTC-E,ppc_usd,ppc_usd,bid,0.434,427.453,1450140438
65510570,BTC-E,ppc_usd,ppc_usd,ask,0.434,1641.55,1450140438
65510056,BTC-E,ppc_usd,ppc_usd,bid,0.437,6.46885,1450139814
65508586,BTC-E,ppc_usd,ppc_usd,bid,0.434,0.1,1450138680
65508552,BTC-E,ppc_usd,ppc_usd,bid,0.434,0.004,1450138586
65508551,BTC-E,ppc_usd,ppc_usd,bid,0.434,17.8,1450138586
65508550,BTC-E,ppc_usd,ppc_usd,ask,0.43,64.7879,1450138582
65508549,BTC-E,ppc_usd,ppc_usd,ask,0.43,17.84,1450138582
65508548,BTC-E,ppc_usd,ppc_usd,ask,0.43,0.712,1450138582
65508547,BTC-E,ppc_usd,ppc_usd,ask,0.43,106.66,1450138582
65508543,BTC-E,ppc_usd,ppc_usd,bid,0.434,0.004,1450138558
65508542,BTC-E,ppc_usd,ppc_usd,bid,0.434,17.8,1450138558
65508540,BTC-E,ppc_usd,ppc_usd,ask,0.43,163.34,1450138553
65508539,BTC-E,ppc_usd,ppc_usd,ask,0.43,17.84,1450138553
65508538,BTC-E,ppc_usd,ppc_usd,ask,0.43,0.1003,1450138553
65508537,BTC-E,ppc_usd,ppc_usd,ask,0.43,0.11,1450138553
65508536,BTC-E,ppc_usd,ppc_usd,ask,0.43,0.11,1450138553
65508535,BTC-E,ppc_usd,ppc_usd,ask,0.43,2.70831,1450138553
65508534,BTC-E,ppc_usd,ppc_usd,ask,0.43,2.70831,1450138553
65508533,BTC-E,ppc_usd,ppc_usd,ask,0.43,2.70831,1450138553
65508532,BTC-E,ppc_usd,ppc_usd,ask,0.431,0.374844,1450138553
65508516,BTC-E,ppc_usd,ppc_usd,ask,0.431,70.1117,1450138507
65508515,BTC-E,ppc_usd,ppc_usd,ask,0.431,0.11,1450138507
65508514,BTC-E,ppc_usd,ppc_usd,ask,0.432,111.093,1450138507
65508513,BTC-E,ppc_usd,ppc_usd,ask,0.434,1.51777,1450138507
65508512,BTC-E,ppc_usd,ppc_usd,ask,0.435,107.167,1450138507
65508507,BTC-E,ppc_usd,ppc_usd,bid,0.436,4.66414,1450138468
65508217,BTC-E,ppc_usd,ppc_usd,bid,0.433,335.437,1450137752
65508215,BTC-E,ppc_usd,ppc_usd,ask,0.433,17.84,1450137751
65508207,BTC-E,ppc_usd,ppc_usd,bid,0.438,56.1847,1450137693
65508206,BTC-E,ppc_usd,ppc_usd,bid,0.437,0.522695,1450137693
65508204,BTC-E,ppc_usd,ppc_usd,bid,0.437,100.0,1450137693
65508202,BTC-E,ppc_usd,ppc_usd,bid,0.437,17.804,1450137693
