Id,Provenance,Exchange,Symbol_Pair,Type,Price,Volume,Timestamp
64519761,BTC-E,btc_eur,btc_eur,bid,313.15,0.240904,1448258067
64519760,BTC-E,btc_eur,btc_eur,bid,313.0,0.0165742,1448258067
64519759,BTC-E,btc_eur,btc_eur,bid,312.57,0.33,1448258067
64519758,BTC-E,btc_eur,btc_eur,bid,312.42,0.49,1448258067
64519757,BTC-E,btc_eur,btc_eur,bid,311.96,0.09,1448258067
64519756,BTC-E,btc_eur,btc_eur,bid,311.89,0.015,1448258066
64519755,BTC-E,btc_eur,btc_eur,bid,311.89,5.0,1448258066
64519754,BTC-E,btc_eur,btc_eur,bid,311.65,0.02,1448258066
64519753,BTC-E,btc_eur,btc_eur,bid,311.539,0.946592,1448258066
64519752,BTC-E,btc_eur,btc_eur,bid,311.53,0.152594,1448258066
64519751,BTC-E,btc_eur,btc_eur,bid,311.07,2.18054,1448258066
64519750,BTC-E,btc_eur,btc_eur,bid,311.06,0.115,1448258066
64519749,BTC-E,btc_eur,btc_eur,bid,311.06,0.402797,1448258066
64519717,BTC-E,btc_eur,btc_eur,bid,308.03,1.89768,1448257988
64519716,BTC-E,btc_eur,btc_eur,bid,308.03,0.489416,1448257988
64519715,BTC-E,btc_eur,btc_eur,bid,308.03,0.0241776,1448257988
64519695,BTC-E,btc_eur,btc_eur,ask,308.03,0.0227023,1448257987
64519632,BTC-E,btc_eur,btc_eur,ask,309.588,0.00468968,1448257493
64519440,BTC-E,btc_eur,btc_eur,ask,309.588,0.0184043,1448256536
64519226,BTC-E,btc_eur,btc_eur,bid,310.75,0.0230122,1448255337
64518905,BTC-E,btc_eur,btc_eur,bid,311.06,0.0264195,1448253705
64518661,BTC-E,btc_eur,btc_eur,ask,309.888,0.0147814,1448252238
64517888,BTC-E,btc_eur,btc_eur,ask,309.888,0.0246542,1448250290
64517416,BTC-E,btc_eur,btc_eur,ask,309.888,0.0171493,1448249194
64516993,BTC-E,btc_eur,btc_eur,bid,311.05,0.0176526,1448247652
64516882,BTC-E,btc_eur,btc_eur,bid,311.05,0.0179852,1448246502
64516755,BTC-E,btc_eur,btc_eur,bid,311.05,0.020747,1448245272
64516452,BTC-E,btc_eur,btc_eur,bid,311.04,0.0181829,1448243960
64516171,BTC-E,btc_eur,btc_eur,ask,308.6,0.0185,1448242465
64515497,BTC-E,btc_eur,btc_eur,bid,311.06,0.380622,1448241375
64515258,BTC-E,btc_eur,btc_eur,ask,309.428,0.0164792,1448239854
64514906,BTC-E,btc_eur,btc_eur,ask,309.428,0.00218099,1448238735
64514905,BTC-E,btc_eur,btc_eur,ask,309.438,0.027819,1448238735
64514516,BTC-E,btc_eur,btc_eur,bid,311.06,0.0171474,1448237990
64514284,BTC-E,btc_eur,btc_eur,bid,311.06,0.021145,1448237142
64513889,BTC-E,btc_eur,btc_eur,ask,309.438,0.0190764,1448235948
64513636,BTC-E,btc_eur,btc_eur,ask,309.438,0.0209349,1448234848
64513398,BTC-E,btc_eur,btc_eur,bid,310.59,0.0185941,1448234091
64513202,BTC-E,btc_eur,btc_eur,bid,310.6,0.06759,1448233138
64513193,BTC-E,btc_eur,btc_eur,bid,309.882,0.0401,1448233070
64513023,BTC-E,btc_eur,btc_eur,bid,309.882,0.0284874,1448232038
64512768,BTC-E,btc_eur,btc_eur,ask,308.72,0.0685942,1448230903
64512713,BTC-E,btc_eur,btc_eur,bid,311.06,0.0250458,1448230566
64512372,BTC-E,btc_eur,btc_eur,bid,311.07,0.0311813,1448229355
64511906,BTC-E,btc_eur,btc_eur,bid,311.07,0.2744,1448228287
64511865,BTC-E,btc_eur,btc_eur,bid,311.07,0.0285969,1448227891
64511674,BTC-E,btc_eur,btc_eur,ask,307.57,0.05,1448227078
64511672,BTC-E,btc_eur,btc_eur,ask,307.57,0.05,1448227027
64511491,BTC-E,btc_eur,btc_eur,bid,311.07,0.20732,1448226488
64511490,BTC-E,btc_eur,btc_eur,bid,311.07,0.522028,1448226488
64511489,BTC-E,btc_eur,btc_eur,bid,311.07,0.32488,1448226488
64511488,BTC-E,btc_eur,btc_eur,bid,311.03,0.0658814,1448226488
64511487,BTC-E,btc_eur,btc_eur,bid,310.77,0.04989,1448226488
64511486,BTC-E,btc_eur,btc_eur,bid,310.76,0.05,1448226488
64511381,BTC-E,btc_eur,btc_eur,bid,310.75,0.00920462,1448225899
64511380,BTC-E,btc_eur,btc_eur,bid,310.75,0.010978,1448225899
64511101,BTC-E,btc_eur,btc_eur,ask,310.76,0.0606752,1448225033
64511100,BTC-E,btc_eur,btc_eur,bid,310.76,0.194969,1448225033
64510868,BTC-E,btc_eur,btc_eur,bid,310.76,0.0293763,1448224418
64510618,BTC-E,btc_eur,btc_eur,bid,310.5,0.01,1448223531
64510541,BTC-E,btc_eur,btc_eur,bid,310.5,0.05,1448223283
64510522,BTC-E,btc_eur,btc_eur,bid,310.5,0.02,1448223191
64510230,BTC-E,btc_eur,btc_eur,bid,310.217,0.0113444,1448222604
64509958,BTC-E,btc_eur,btc_eur,bid,310.88,0.02,1448221865
64509792,BTC-E,btc_eur,btc_eur,ask,307.0,0.1,1448221474
64509773,BTC-E,btc_eur,btc_eur,bid,310.36,0.02,1448221341
64509707,BTC-E,btc_eur,btc_eur,ask,307.0,1.61057,1448221212
64509706,BTC-E,btc_eur,btc_eur,ask,307.001,2.91248,1448221212
64509705,BTC-E,btc_eur,btc_eur,ask,307.001,0.172957,1448221212
64509672,BTC-E,btc_eur,btc_eur,ask,307.001,0.0370183,1448221094
64509671,BTC-E,btc_eur,btc_eur,ask,307.001,0.415862,1448221094
64509670,BTC-E,btc_eur,btc_eur,ask,307.001,0.10661,1448221094
64509669,BTC-E,btc_eur,btc_eur,ask,307.1,0.1,1448221094
64509668,BTC-E,btc_eur,btc_eur,ask,307.108,0.011,1448221094
64509601,BTC-E,btc_eur,btc_eur,bid,310.59,0.02,1448220904
64509400,BTC-E,btc_eur,btc_eur,bid,310.428,0.0148779,1448220699
64508884,BTC-E,btc_eur,btc_eur,bid,310.79,0.0186258,1448219099
64508386,BTC-E,btc_eur,btc_eur,ask,307.109,0.534767,1448217860
64508385,BTC-E,btc_eur,btc_eur,ask,307.11,0.88,1448217860
64508384,BTC-E,btc_eur,btc_eur,ask,307.89,0.34,1448217860
64508383,BTC-E,btc_eur,btc_eur,ask,307.93,0.0120342,1448217860
64508382,BTC-E,btc_eur,btc_eur,ask,307.99,0.179305,1448217860
64508381,BTC-E,btc_eur,btc_eur,ask,307.99,0.0538943,1448217860
64508357,BTC-E,btc_eur,btc_eur,bid,311.02,0.0233079,1448217609
64508076,BTC-E,btc_eur,btc_eur,bid,308.83,0.09,1448216579
64508075,BTC-E,btc_eur,btc_eur,bid,308.83,0.09,1448216567
64508074,BTC-E,btc_eur,btc_eur,bid,308.83,0.09,1448216550
64508064,BTC-E,btc_eur,btc_eur,bid,308.83,0.09,1448216524
64508061,BTC-E,btc_eur,btc_eur,bid,308.83,0.09,1448216510
64508057,BTC-E,btc_eur,btc_eur,bid,308.83,0.09,1448216495
64508054,BTC-E,btc_eur,btc_eur,bid,308.83,0.09,1448216481
64507932,BTC-E,btc_eur,btc_eur,ask,307.75,0.18438,1448215958
64507892,BTC-E,btc_eur,btc_eur,bid,311.03,0.0181128,1448215486
64507532,BTC-E,btc_eur,btc_eur,bid,311.06,0.0186501,1448214221
64507408,BTC-E,btc_eur,btc_eur,bid,311.07,0.0316884,1448213306
64507041,BTC-E,btc_eur,btc_eur,bid,311.06,0.01,1448212155
64507037,BTC-E,btc_eur,btc_eur,bid,311.06,0.0159,1448212067
64506771,BTC-E,btc_eur,btc_eur,bid,311.03,0.018269,1448210989
64506476,BTC-E,btc_eur,btc_eur,ask,308.072,0.0315112,1448209962
64506061,BTC-E,btc_eur,btc_eur,ask,307.0,3.55094,1448208431
64506060,BTC-E,btc_eur,btc_eur,ask,307.001,0.433954,1448208431
64506059,BTC-E,btc_eur,btc_eur,ask,307.001,0.011,1448208431
64506058,BTC-E,btc_eur,btc_eur,ask,307.001,0.05,1448208431
64506057,BTC-E,btc_eur,btc_eur,ask,307.001,0.1,1448208431
64506056,BTC-E,btc_eur,btc_eur,ask,307.02,0.224412,1448208431
64506055,BTC-E,btc_eur,btc_eur,ask,307.045,0.25151,1448208431
64506054,BTC-E,btc_eur,btc_eur,ask,307.095,0.011,1448208431
64506053,BTC-E,btc_eur,btc_eur,ask,307.727,0.948489,1448208431
64506052,BTC-E,btc_eur,btc_eur,ask,307.772,0.193632,1448208431
64506051,BTC-E,btc_eur,btc_eur,ask,307.861,0.014388,1448208431
64506050,BTC-E,btc_eur,btc_eur,ask,307.862,0.0202736,1448208431
64506049,BTC-E,btc_eur,btc_eur,ask,308.0,1.0,1448208431
64506048,BTC-E,btc_eur,btc_eur,ask,308.0,5.0,1448208431
64506047,BTC-E,btc_eur,btc_eur,ask,308.01,0.190401,1448208431
64505981,BTC-E,btc_eur,btc_eur,bid,311.54,0.0165746,1448208145
64505684,BTC-E,btc_eur,btc_eur,ask,311.54,0.0911913,1448206854
64505683,BTC-E,btc_eur,btc_eur,ask,311.54,2.82086,1448206854
64505682,BTC-E,btc_eur,btc_eur,bid,311.54,0.108646,1448206853
64505638,BTC-E,btc_eur,btc_eur,bid,311.53,0.0302586,1448206640
64505350,BTC-E,btc_eur,btc_eur,bid,311.29,0.0221419,1448205829
64505080,BTC-E,btc_eur,btc_eur,bid,308.88,0.00628176,1448204762
64505079,BTC-E,btc_eur,btc_eur,ask,308.88,0.011188,1448204762
64505026,BTC-E,btc_eur,btc_eur,ask,308.7,0.01,1448204474
64505005,BTC-E,btc_eur,btc_eur,bid,315.4,9.65182,1448204260
64505004,BTC-E,btc_eur,btc_eur,bid,315.395,0.0143882,1448204260
64505003,BTC-E,btc_eur,btc_eur,bid,315.35,0.218922,1448204260
64505002,BTC-E,btc_eur,btc_eur,bid,315.111,0.120566,1448204260
64505001,BTC-E,btc_eur,btc_eur,bid,315.0,1.0,1448204260
64505000,BTC-E,btc_eur,btc_eur,bid,315.0,0.12,1448204260
64504999,BTC-E,btc_eur,btc_eur,bid,314.79,0.01097,1448204260
64504998,BTC-E,btc_eur,btc_eur,bid,314.79,0.011,1448204260
64504997,BTC-E,btc_eur,btc_eur,bid,313.98,1.5,1448204260
64504996,BTC-E,btc_eur,btc_eur,bid,313.91,0.0199228,1448204260
64504995,BTC-E,btc_eur,btc_eur,bid,313.9,0.01097,1448204260
64504994,BTC-E,btc_eur,btc_eur,bid,313.61,0.67,1448204260
64504993,BTC-E,btc_eur,btc_eur,bid,313.566,2.0,1448204259
64504992,BTC-E,btc_eur,btc_eur,bid,312.924,0.934607,1448204259
64504991,BTC-E,btc_eur,btc_eur,bid,311.96,0.76,1448204259
64504990,BTC-E,btc_eur,btc_eur,bid,311.88,0.32,1448204259
64504989,BTC-E,btc_eur,btc_eur,bid,311.86,0.49,1448204259
64504988,BTC-E,btc_eur,btc_eur,bid,311.831,5.0,1448204259
64504987,BTC-E,btc_eur,btc_eur,bid,311.8,0.5,1448204259
64504986,BTC-E,btc_eur,btc_eur,bid,311.77,0.01097,1448204259
64504985,BTC-E,btc_eur,btc_eur,bid,311.4,0.09,1448204259
64504984,BTC-E,btc_eur,btc_eur,bid,310.9,0.25,1448204259
64504983,BTC-E,btc_eur,btc_eur,bid,310.9,0.62298,1448204259
64504982,BTC-E,btc_eur,btc_eur,bid,310.813,0.0104,1448204259
64504981,BTC-E,btc_eur,btc_eur,bid,310.402,0.01373,1448204259
64504980,BTC-E,btc_eur,btc_eur,bid,310.334,0.01595,1448204259
64504979,BTC-E,btc_eur,btc_eur,bid,310.3,0.1,1448204259
64519883,BTC-E,nvc_btc,nvc_btc,ask,0.00269,6.519,1448258546
64519858,BTC-E,nvc_btc,nvc_btc,bid,0.00272,0.805101,1448258389
64519856,BTC-E,nvc_btc,nvc_btc,bid,0.00272,0.1,1448258389
64519648,BTC-E,nvc_btc,nvc_btc,ask,0.00269,6.219,1448257586
64519647,BTC-E,nvc_btc,nvc_btc,ask,0.00269,0.1,1448257586
64519646,BTC-E,nvc_btc,nvc_btc,ask,0.00269,0.1,1448257586
64519645,BTC-E,nvc_btc,nvc_btc,ask,0.00269,0.1,1448257586
64516946,BTC-E,nvc_btc,nvc_btc,ask,0.0027,6.519,1448247265
64516641,BTC-E,nvc_btc,nvc_btc,ask,0.0027,3.91537,1448244806
64516571,BTC-E,nvc_btc,nvc_btc,ask,0.00271,2.61363,1448244505
64515414,BTC-E,nvc_btc,nvc_btc,ask,0.00271,13.06,1448240664
64515218,BTC-E,nvc_btc,nvc_btc,ask,0.0027,6.529,1448239704
64514435,BTC-E,nvc_btc,nvc_btc,ask,0.0027,6.539,1448237784
64513846,BTC-E,nvc_btc,nvc_btc,ask,0.0027,6.54,1448235744
64512966,BTC-E,nvc_btc,nvc_btc,ask,0.0027,11.649,1448231664
64512965,BTC-E,nvc_btc,nvc_btc,ask,0.0027,0.25,1448231664
64512964,BTC-E,nvc_btc,nvc_btc,ask,0.0027,1.0,1448231664
64512963,BTC-E,nvc_btc,nvc_btc,ask,0.0027,0.1,1448231664
64512962,BTC-E,nvc_btc,nvc_btc,ask,0.0027,0.1,1448231664
64512695,BTC-E,nvc_btc,nvc_btc,bid,0.00271,5.3983,1448230510
64512626,BTC-E,nvc_btc,nvc_btc,bid,0.00271,0.1789,1448230306
64512569,BTC-E,nvc_btc,nvc_btc,bid,0.00271,0.1054,1448230096
64512560,BTC-E,nvc_btc,nvc_btc,bid,0.00271,0.2287,1448230060
64512557,BTC-E,nvc_btc,nvc_btc,bid,0.00271,0.2492,1448230025
64512538,BTC-E,nvc_btc,nvc_btc,bid,0.00271,0.191,1448229990
64512535,BTC-E,nvc_btc,nvc_btc,bid,0.00271,0.1815,1448229954
64511825,BTC-E,nvc_btc,nvc_btc,bid,0.00271,1.9E-7,1448227699
64511233,BTC-E,nvc_btc,nvc_btc,bid,0.00271,44.6832,1448225335
64511182,BTC-E,nvc_btc,nvc_btc,bid,0.00271,3.24509,1448225271
64511177,BTC-E,nvc_btc,nvc_btc,bid,0.00271,0.1069,1448225258
64511135,BTC-E,nvc_btc,nvc_btc,bid,0.00271,0.729557,1448225140
64511122,BTC-E,nvc_btc,nvc_btc,bid,0.00271,0.374177,1448225121
64511110,BTC-E,nvc_btc,nvc_btc,bid,0.00271,0.1249,1448225074
64511102,BTC-E,nvc_btc,nvc_btc,bid,0.00271,0.1483,1448225038
64511095,BTC-E,nvc_btc,nvc_btc,bid,0.00271,0.189,1448225002
64511071,BTC-E,nvc_btc,nvc_btc,bid,0.00271,0.2301,1448224966
64511013,BTC-E,nvc_btc,nvc_btc,bid,0.00271,0.2568,1448224825
64510966,BTC-E,nvc_btc,nvc_btc,bid,0.00271,0.1829,1448224789
64510957,BTC-E,nvc_btc,nvc_btc,bid,0.00271,0.2334,1448224754
64510916,BTC-E,nvc_btc,nvc_btc,bid,0.00271,0.1139,1448224684
64510915,BTC-E,nvc_btc,nvc_btc,bid,0.00271,0.1329,1448224649
64510907,BTC-E,nvc_btc,nvc_btc,bid,0.00271,0.156,1448224615
64510899,BTC-E,nvc_btc,nvc_btc,bid,0.00271,0.182,1448224580
64510898,BTC-E,nvc_btc,nvc_btc,bid,0.00271,0.2124,1448224545
64510888,BTC-E,nvc_btc,nvc_btc,bid,0.00271,0.2478,1448224510
64510881,BTC-E,nvc_btc,nvc_btc,bid,0.00271,0.2612,1448224475
64510876,BTC-E,nvc_btc,nvc_btc,bid,0.00271,0.3327,1448224440
64510867,BTC-E,nvc_btc,nvc_btc,bid,0.00271,0.7357,1448224405
64510865,BTC-E,nvc_btc,nvc_btc,bid,0.00271,0.8588,1448224370
64510859,BTC-E,nvc_btc,nvc_btc,bid,0.00271,1.001,1448224335
64510851,BTC-E,nvc_btc,nvc_btc,bid,0.00271,1.056,1448224299
64510846,BTC-E,nvc_btc,nvc_btc,bid,0.00271,1.21,1448224265
64510844,BTC-E,nvc_btc,nvc_btc,bid,0.00271,1.412,1448224230
64510829,BTC-E,nvc_btc,nvc_btc,bid,0.00271,0.7313,1448224194
64510824,BTC-E,nvc_btc,nvc_btc,bid,0.00271,0.7095,1448224157
64510819,BTC-E,nvc_btc,nvc_btc,bid,0.00271,1.653,1448224122
64510809,BTC-E,nvc_btc,nvc_btc,bid,0.00271,1.693,1448224086
64510803,BTC-E,nvc_btc,nvc_btc,bid,0.00271,1.006,1448224051
64510802,BTC-E,nvc_btc,nvc_btc,bid,0.00271,0.973,1448224051
64510796,BTC-E,nvc_btc,nvc_btc,bid,0.00271,2.507,1448224015
64510786,BTC-E,nvc_btc,nvc_btc,ask,0.00271,3.049,1448223983
64510785,BTC-E,nvc_btc,nvc_btc,ask,0.00271,3.4529,1448223974
64510784,BTC-E,nvc_btc,nvc_btc,ask,0.00271,0.1,1448223974
64510783,BTC-E,nvc_btc,nvc_btc,ask,0.00271,9.8999,1448223974
64510782,BTC-E,nvc_btc,nvc_btc,ask,0.00271,19.8,1448223974
64510781,BTC-E,nvc_btc,nvc_btc,ask,0.00271,2.7472,1448223974
64510698,BTC-E,nvc_btc,nvc_btc,ask,0.00271,13.04,1448223628
64508679,BTC-E,nvc_btc,nvc_btc,bid,0.00275,0.103544,1448218792
64508678,BTC-E,nvc_btc,nvc_btc,bid,0.00274,0.1,1448218792
64508461,BTC-E,nvc_btc,nvc_btc,ask,0.00271,4.0128,1448218133
64508460,BTC-E,nvc_btc,nvc_btc,ask,0.00271,0.1,1448218133
64508459,BTC-E,nvc_btc,nvc_btc,ask,0.00271,1.006,1448218133
64508391,BTC-E,nvc_btc,nvc_btc,bid,0.00272,0.2002,1448217860
64508375,BTC-E,nvc_btc,nvc_btc,ask,0.00272,1.0,1448217803
64508374,BTC-E,nvc_btc,nvc_btc,ask,0.00272,0.1,1448217803
64508345,BTC-E,nvc_btc,nvc_btc,ask,0.00273,0.1,1448217502
64506018,BTC-E,nvc_btc,nvc_btc,bid,0.00277,257.849,1448208248
64506017,BTC-E,nvc_btc,nvc_btc,bid,0.00277,15.3649,1448208248
64506016,BTC-E,nvc_btc,nvc_btc,bid,0.00277,1.0,1448208248
64506015,BTC-E,nvc_btc,nvc_btc,bid,0.00276,11.1448,1448208248
64506014,BTC-E,nvc_btc,nvc_btc,bid,0.00276,9.0,1448208248
64506013,BTC-E,nvc_btc,nvc_btc,bid,0.00276,0.1,1448208248
64506012,BTC-E,nvc_btc,nvc_btc,bid,0.00276,118.511,1448208248
64506011,BTC-E,nvc_btc,nvc_btc,bid,0.00275,0.25,1448208248
64504159,BTC-E,nvc_btc,nvc_btc,bid,0.00274,0.3749,1448201468
64503770,BTC-E,nvc_btc,nvc_btc,bid,0.00275,0.045123,1448201047
64503766,BTC-E,nvc_btc,nvc_btc,bid,0.00273,0.2892,1448201047
64503725,BTC-E,nvc_btc,nvc_btc,bid,0.00275,0.00301818,1448200901
64503723,BTC-E,nvc_btc,nvc_btc,bid,0.00273,0.3504,1448200901
64503368,BTC-E,nvc_btc,nvc_btc,bid,0.00273,0.3594,1448199956
64503353,BTC-E,nvc_btc,nvc_btc,bid,0.00273,0.9801,1448199922
64503243,BTC-E,nvc_btc,nvc_btc,bid,0.00273,0.7065,1448199634
64503240,BTC-E,nvc_btc,nvc_btc,ask,0.00273,0.1,1448199632
64503186,BTC-E,nvc_btc,nvc_btc,bid,0.00275,115.799,1448199504
64503184,BTC-E,nvc_btc,nvc_btc,bid,0.00275,0.5,1448199504
64503093,BTC-E,nvc_btc,nvc_btc,bid,0.00274,19.509,1448199193
64502838,BTC-E,nvc_btc,nvc_btc,bid,0.00276,80.279,1448198010
64502822,BTC-E,nvc_btc,nvc_btc,bid,0.00275,9.8999,1448197913
64502821,BTC-E,nvc_btc,nvc_btc,bid,0.00275,19.8,1448197913
64502820,BTC-E,nvc_btc,nvc_btc,bid,0.00275,19.8,1448197913
64502746,BTC-E,nvc_btc,nvc_btc,bid,0.00276,865.21,1448197644
64502745,BTC-E,nvc_btc,nvc_btc,bid,0.00276,0.1,1448197644
64502744,BTC-E,nvc_btc,nvc_btc,bid,0.00276,8.53072,1448197644
64502743,BTC-E,nvc_btc,nvc_btc,bid,0.00275,77.4461,1448197644
64502742,BTC-E,nvc_btc,nvc_btc,bid,0.00275,0.1,1448197644
64502741,BTC-E,nvc_btc,nvc_btc,bid,0.00275,0.5,1448197644
64502598,BTC-E,nvc_btc,nvc_btc,bid,0.00273,6.519,1448197225
64502596,BTC-E,nvc_btc,nvc_btc,bid,0.00273,13.019,1448197225
64501950,BTC-E,nvc_btc,nvc_btc,ask,0.00272,0.1,1448194808
64501935,BTC-E,nvc_btc,nvc_btc,bid,0.00276,1.34931,1448194645
64501934,BTC-E,nvc_btc,nvc_btc,bid,0.00275,0.1,1448194645
64501933,BTC-E,nvc_btc,nvc_btc,bid,0.00276,10.08,1448194638
64501932,BTC-E,nvc_btc,nvc_btc,bid,0.00276,1.45697,1448194638
64501931,BTC-E,nvc_btc,nvc_btc,bid,0.00276,0.1,1448194638
64501930,BTC-E,nvc_btc,nvc_btc,bid,0.00274,0.1,1448194638
64501929,BTC-E,nvc_btc,nvc_btc,bid,0.00274,0.1,1448194638
64501928,BTC-E,nvc_btc,nvc_btc,bid,0.00274,0.1,1448194638
64501927,BTC-E,nvc_btc,nvc_btc,bid,0.00274,0.1,1448194638
64501925,BTC-E,nvc_btc,nvc_btc,bid,0.00274,0.417317,1448194638
64501922,BTC-E,nvc_btc,nvc_btc,bid,0.00272,3.088,1448194638
64501420,BTC-E,nvc_btc,nvc_btc,ask,0.00271,13.039,1448193379
64500793,BTC-E,nvc_btc,nvc_btc,bid,0.00274,0.396396,1448193055
64500706,BTC-E,nvc_btc,nvc_btc,bid,0.00274,0.186286,1448193028
64500699,BTC-E,nvc_btc,nvc_btc,bid,0.00273,0.1,1448193028
64498201,BTC-E,nvc_btc,nvc_btc,ask,0.0027,6.519,1448190018
64498194,BTC-E,nvc_btc,nvc_btc,ask,0.0027,19.4527,1448189960
64498165,BTC-E,nvc_btc,nvc_btc,ask,0.0027,0.207892,1448189738
64498149,BTC-E,nvc_btc,nvc_btc,ask,0.00272,0.108309,1448189658
64498134,BTC-E,nvc_btc,nvc_btc,bid,0.00272,0.1,1448189547
64497940,BTC-E,nvc_btc,nvc_btc,ask,0.0027,1.2429,1448188680
64497810,BTC-E,nvc_btc,nvc_btc,ask,0.00269,483.593,1448188269
64497809,BTC-E,nvc_btc,nvc_btc,ask,0.00269,0.1,1448188269
64497808,BTC-E,nvc_btc,nvc_btc,ask,0.00269,0.1,1448188269
64497807,BTC-E,nvc_btc,nvc_btc,ask,0.00269,0.1,1448188269
64497806,BTC-E,nvc_btc,nvc_btc,ask,0.00269,164.912,1448188269
64497805,BTC-E,nvc_btc,nvc_btc,ask,0.0027,40.0,1448188269
64497316,BTC-E,nvc_btc,nvc_btc,ask,0.00269,12.669,1448186599
64497290,BTC-E,nvc_btc,nvc_btc,ask,0.0027,0.35,1448186298
64496593,BTC-E,nvc_btc,nvc_btc,ask,0.00269,6.519,1448181257
64496303,BTC-E,nvc_btc,nvc_btc,bid,0.0027,0.116238,1448180660
64496078,BTC-E,nvc_btc,nvc_btc,ask,0.00269,26.07,1448178497
64495747,BTC-E,nvc_btc,nvc_btc,ask,0.00269,2.3314,1448175679
64495740,BTC-E,nvc_btc,nvc_btc,bid,0.0027,4.0576,1448175672
64495661,BTC-E,nvc_btc,nvc_btc,ask,0.0027,0.1,1448175377
64491880,BTC-E,nvc_btc,nvc_btc,ask,0.00271,6.529,1448160615
64488871,BTC-E,nvc_btc,nvc_btc,ask,0.0027,3.493,1448150148
64487319,BTC-E,nvc_btc,nvc_btc,ask,0.0027,22.8289,1448143183
64487318,BTC-E,nvc_btc,nvc_btc,ask,0.0027,0.1,1448143183
64487272,BTC-E,nvc_btc,nvc_btc,bid,0.00271,2.95011,1448142884
64487270,BTC-E,nvc_btc,nvc_btc,ask,0.00271,0.1,1448142883
64519848,BTC-E,nmc_usd,nmc_usd,bid,0.383,10.0,1448258332
64519767,BTC-E,nmc_usd,nmc_usd,bid,0.383,0.0907139,1448258085
64519766,BTC-E,nmc_usd,nmc_usd,bid,0.383,4.41755,1448258085
64519332,BTC-E,nmc_usd,nmc_usd,bid,0.38,5.76914,1448255894
64519316,BTC-E,nmc_usd,nmc_usd,bid,0.38,4.9847,1448255770
64519293,BTC-E,nmc_usd,nmc_usd,bid,0.38,8.21682,1448255690
64519288,BTC-E,nmc_usd,nmc_usd,bid,0.38,5.07331,1448255609
64519276,BTC-E,nmc_usd,nmc_usd,bid,0.38,6.16495,1448255527
64519272,BTC-E,nmc_usd,nmc_usd,ask,0.38,0.11,1448255505
64519271,BTC-E,nmc_usd,nmc_usd,ask,0.38,7.04223,1448255505
64519242,BTC-E,nmc_usd,nmc_usd,ask,0.38,297.909,1448255379
64519241,BTC-E,nmc_usd,nmc_usd,ask,0.38,2.37339,1448255379
64519240,BTC-E,nmc_usd,nmc_usd,ask,0.38,0.11,1448255379
64519239,BTC-E,nmc_usd,nmc_usd,ask,0.38,0.11,1448255379
64519238,BTC-E,nmc_usd,nmc_usd,ask,0.38,0.433,1448255379
64519237,BTC-E,nmc_usd,nmc_usd,ask,0.38,0.409,1448255379
64519236,BTC-E,nmc_usd,nmc_usd,ask,0.38,1.203,1448255379
64519235,BTC-E,nmc_usd,nmc_usd,ask,0.38,1.102,1448255379
64519234,BTC-E,nmc_usd,nmc_usd,ask,0.38,0.399,1448255379
64519233,BTC-E,nmc_usd,nmc_usd,ask,0.381,0.504,1448255379
64519232,BTC-E,nmc_usd,nmc_usd,ask,0.381,15.448,1448255379
64519189,BTC-E,nmc_usd,nmc_usd,ask,0.381,4.6266,1448255159
64519073,BTC-E,nmc_usd,nmc_usd,ask,0.381,8.1824,1448254360
64518794,BTC-E,nmc_usd,nmc_usd,bid,0.382,6.17964,1448253087
64518678,BTC-E,nmc_usd,nmc_usd,bid,0.382,6.13853,1448252375
64517937,BTC-E,nmc_usd,nmc_usd,bid,0.382,5.96772,1448250602
64517425,BTC-E,nmc_usd,nmc_usd,ask,0.382,2.05301,1448249205
64517022,BTC-E,nmc_usd,nmc_usd,bid,0.384,2.0489,1448247864
64516914,BTC-E,nmc_usd,nmc_usd,ask,0.382,2.053,1448246968
64516753,BTC-E,nmc_usd,nmc_usd,bid,0.384,2.04889,1448245240
64516470,BTC-E,nmc_usd,nmc_usd,ask,0.382,0.487,1448244014
64516469,BTC-E,nmc_usd,nmc_usd,ask,0.382,0.46,1448244014
64516468,BTC-E,nmc_usd,nmc_usd,ask,0.382,2.053,1448244014
64516172,BTC-E,nmc_usd,nmc_usd,bid,0.384,2.04888,1448242467
64515603,BTC-E,nmc_usd,nmc_usd,ask,0.382,0.11,1448241578
64515602,BTC-E,nmc_usd,nmc_usd,ask,0.382,0.409,1448241578
64515601,BTC-E,nmc_usd,nmc_usd,ask,0.382,2.05299,1448241578
64515360,BTC-E,nmc_usd,nmc_usd,bid,0.384,0.277138,1448240304
64515110,BTC-E,nmc_usd,nmc_usd,bid,0.384,0.922862,1448239251
64515109,BTC-E,nmc_usd,nmc_usd,bid,0.384,4.40589,1448239251
64515108,BTC-E,nmc_usd,nmc_usd,bid,0.384,1.1,1448239251
64514273,BTC-E,nmc_usd,nmc_usd,bid,0.383,1.1,1448237038
64513939,BTC-E,nmc_usd,nmc_usd,ask,0.379,0.531335,1448236220
64513938,BTC-E,nmc_usd,nmc_usd,ask,0.379,1.102,1448236220
64513302,BTC-E,nmc_usd,nmc_usd,ask,0.38,1.604,1448233659
64513301,BTC-E,nmc_usd,nmc_usd,ask,0.38,1.203,1448233659
64513300,BTC-E,nmc_usd,nmc_usd,ask,0.38,0.399,1448233659
64513299,BTC-E,nmc_usd,nmc_usd,ask,0.38,0.351,1448233659
64513298,BTC-E,nmc_usd,nmc_usd,ask,0.38,1.13222,1448233659
64513297,BTC-E,nmc_usd,nmc_usd,ask,0.38,0.700104,1448233659
64513200,BTC-E,nmc_usd,nmc_usd,ask,0.38,0.502896,1448233131
64513199,BTC-E,nmc_usd,nmc_usd,ask,0.38,1.102,1448233131
64513198,BTC-E,nmc_usd,nmc_usd,ask,0.381,2.36711,1448233131
64513197,BTC-E,nmc_usd,nmc_usd,ask,0.381,1.102,1448233131
64513196,BTC-E,nmc_usd,nmc_usd,ask,0.381,1.102,1448233131
64513195,BTC-E,nmc_usd,nmc_usd,ask,0.382,0.1003,1448233099
64513158,BTC-E,nmc_usd,nmc_usd,ask,0.384,2.9,1448232900
64513157,BTC-E,nmc_usd,nmc_usd,bid,0.384,0.1,1448232899
64513031,BTC-E,nmc_usd,nmc_usd,ask,0.382,0.409,1448232113
64513030,BTC-E,nmc_usd,nmc_usd,ask,0.382,0.1003,1448232113
64512942,BTC-E,nmc_usd,nmc_usd,bid,0.384,0.1,1448231518
64512771,BTC-E,nmc_usd,nmc_usd,ask,0.383,2.04761,1448230925
64512734,BTC-E,nmc_usd,nmc_usd,bid,0.385,79.4567,1448230597
64512733,BTC-E,nmc_usd,nmc_usd,bid,0.385,1.05757,1448230597
64512732,BTC-E,nmc_usd,nmc_usd,bid,0.385,1.1,1448230597
64512731,BTC-E,nmc_usd,nmc_usd,bid,0.385,1.1,1448230597
64512730,BTC-E,nmc_usd,nmc_usd,bid,0.385,1.2,1448230597
64512729,BTC-E,nmc_usd,nmc_usd,bid,0.385,1.9,1448230597
64512728,BTC-E,nmc_usd,nmc_usd,bid,0.385,1.6,1448230597
64512594,BTC-E,nmc_usd,nmc_usd,bid,0.384,2.04886,1448230139
64511898,BTC-E,nmc_usd,nmc_usd,ask,0.382,2.05296,1448228247
64511720,BTC-E,nmc_usd,nmc_usd,ask,0.384,4.61312,1448227266
64511701,BTC-E,nmc_usd,nmc_usd,ask,0.384,6.21118,1448227185
64511700,BTC-E,nmc_usd,nmc_usd,bid,0.384,1.6,1448227182
64511699,BTC-E,nmc_usd,nmc_usd,bid,0.384,4.41733,1448227182
64511698,BTC-E,nmc_usd,nmc_usd,bid,0.384,1.2,1448227182
64511697,BTC-E,nmc_usd,nmc_usd,bid,0.384,1.1,1448227182
64511696,BTC-E,nmc_usd,nmc_usd,bid,0.384,1420.92,1448227182
64511695,BTC-E,nmc_usd,nmc_usd,bid,0.383,1.2,1448227182
64511694,BTC-E,nmc_usd,nmc_usd,bid,0.383,1.1,1448227182
64511693,BTC-E,nmc_usd,nmc_usd,bid,0.383,27.9431,1448227182
64511692,BTC-E,nmc_usd,nmc_usd,bid,0.383,400.0,1448227182
64511401,BTC-E,nmc_usd,nmc_usd,ask,0.379,0.11,1448226026
64511400,BTC-E,nmc_usd,nmc_usd,ask,0.379,0.11,1448226026
64511399,BTC-E,nmc_usd,nmc_usd,ask,0.379,1.604,1448226026
64511398,BTC-E,nmc_usd,nmc_usd,ask,0.379,1.203,1448226026
64511397,BTC-E,nmc_usd,nmc_usd,ask,0.379,1.102,1448226026
64511396,BTC-E,nmc_usd,nmc_usd,ask,0.379,0.351,1448226026
64510794,BTC-E,nmc_usd,nmc_usd,bid,0.383,1.04439,1448224012
64510473,BTC-E,nmc_usd,nmc_usd,ask,0.381,65.0,1448223073
64510147,BTC-E,nmc_usd,nmc_usd,ask,0.38,5.44065,1448222479
64509882,BTC-E,nmc_usd,nmc_usd,ask,0.38,7.3238,1448221717
64509777,BTC-E,nmc_usd,nmc_usd,ask,0.38,139.783,1448221353
64509776,BTC-E,nmc_usd,nmc_usd,ask,0.38,0.216752,1448221353
64509213,BTC-E,nmc_usd,nmc_usd,bid,0.384,108.814,1448220416
64509212,BTC-E,nmc_usd,nmc_usd,bid,0.384,103.907,1448220416
64509211,BTC-E,nmc_usd,nmc_usd,bid,0.383,400.0,1448220416
64509164,BTC-E,nmc_usd,nmc_usd,ask,0.381,5.32363,1448220205
64508904,BTC-E,nmc_usd,nmc_usd,ask,0.381,6.65919,1448219166
64508861,BTC-E,nmc_usd,nmc_usd,ask,0.381,211.979,1448218991
64508838,BTC-E,nmc_usd,nmc_usd,ask,0.381,8.09942,1448218935
64508368,BTC-E,nmc_usd,nmc_usd,ask,0.38,2.15652,1448217717
64508367,BTC-E,nmc_usd,nmc_usd,ask,0.38,1.203,1448217717
64508366,BTC-E,nmc_usd,nmc_usd,ask,0.38,1.102,1448217717
64507754,BTC-E,nmc_usd,nmc_usd,ask,0.382,2.05291,1448215188
64507406,BTC-E,nmc_usd,nmc_usd,bid,0.384,1.2,1448213244
64507405,BTC-E,nmc_usd,nmc_usd,bid,0.384,1.1,1448213244
64507263,BTC-E,nmc_usd,nmc_usd,bid,0.38,216.279,1448212631
64507262,BTC-E,nmc_usd,nmc_usd,ask,0.38,0.11,1448212630
64507261,BTC-E,nmc_usd,nmc_usd,ask,0.38,0.409,1448212630
64507260,BTC-E,nmc_usd,nmc_usd,ask,0.38,1.203,1448212630
64507259,BTC-E,nmc_usd,nmc_usd,ask,0.38,1.102,1448212630
64507258,BTC-E,nmc_usd,nmc_usd,ask,0.38,0.399,1448212630
64507257,BTC-E,nmc_usd,nmc_usd,ask,0.38,0.1,1448212630
64507051,BTC-E,nmc_usd,nmc_usd,bid,0.384,20.0,1448212250
64507047,BTC-E,nmc_usd,nmc_usd,bid,0.384,2.0488,1448212219
64506746,BTC-E,nmc_usd,nmc_usd,ask,0.382,0.11,1448210868
64506745,BTC-E,nmc_usd,nmc_usd,ask,0.382,2.0529,1448210868
64506644,BTC-E,nmc_usd,nmc_usd,bid,0.384,16.5888,1448210379
64506643,BTC-E,nmc_usd,nmc_usd,bid,0.384,1.2,1448210379
64506642,BTC-E,nmc_usd,nmc_usd,bid,0.384,1.1,1448210379
64506641,BTC-E,nmc_usd,nmc_usd,bid,0.384,16.6234,1448210379
64506640,BTC-E,nmc_usd,nmc_usd,bid,0.384,1.6,1448210379
64506639,BTC-E,nmc_usd,nmc_usd,bid,0.384,1.9,1448210379
64506593,BTC-E,nmc_usd,nmc_usd,bid,0.383,20.0,1448210196
64506592,BTC-E,nmc_usd,nmc_usd,bid,0.383,1.9,1448210196
64506591,BTC-E,nmc_usd,nmc_usd,bid,0.383,1.6,1448210196
64506590,BTC-E,nmc_usd,nmc_usd,bid,0.383,1.2,1448210196
64506589,BTC-E,nmc_usd,nmc_usd,bid,0.383,1.1,1448210196
64506588,BTC-E,nmc_usd,nmc_usd,bid,0.382,4.02901,1448210194
64506192,BTC-E,nmc_usd,nmc_usd,bid,0.382,1.0,1448209014
64505779,BTC-E,nmc_usd,nmc_usd,ask,0.38,0.104988,1448207480
64505448,BTC-E,nmc_usd,nmc_usd,ask,0.379,3.9321,1448206203
64505348,BTC-E,nmc_usd,nmc_usd,ask,0.382,0.11,1448205819
64505182,BTC-E,nmc_usd,nmc_usd,bid,0.382,65.7758,1448205101
64505181,BTC-E,nmc_usd,nmc_usd,bid,0.382,1.2,1448205101
64505180,BTC-E,nmc_usd,nmc_usd,bid,0.382,1.1,1448205101
64505179,BTC-E,nmc_usd,nmc_usd,bid,0.382,1.1,1448205101
64505178,BTC-E,nmc_usd,nmc_usd,bid,0.382,0.724,1448205101
64505120,BTC-E,nmc_usd,nmc_usd,ask,0.377,0.465891,1448204910
64504694,BTC-E,nmc_usd,nmc_usd,bid,0.381,1.6,1448202886
64504693,BTC-E,nmc_usd,nmc_usd,bid,0.381,1.2,1448202886
64504692,BTC-E,nmc_usd,nmc_usd,bid,0.381,1.2,1448202886
64504691,BTC-E,nmc_usd,nmc_usd,bid,0.381,1.1,1448202886
64504619,BTC-E,nmc_usd,nmc_usd,bid,0.38,1.1,1448202581
64504559,BTC-E,nmc_usd,nmc_usd,ask,0.375,50.7916,1448202580
64504558,BTC-E,nmc_usd,nmc_usd,ask,0.375,1.51503,1448202580
64504557,BTC-E,nmc_usd,nmc_usd,ask,0.375,104.116,1448202580
64504556,BTC-E,nmc_usd,nmc_usd,ask,0.375,34.0,1448202580
64504555,BTC-E,nmc_usd,nmc_usd,ask,0.375,2.525,1448202580
64519714,BTC-E,eur_usd,eur_usd,bid,1.03696,0.2,1448257988
64519713,BTC-E,eur_usd,eur_usd,bid,1.03692,0.2,1448257988
64519712,BTC-E,eur_usd,eur_usd,bid,1.03691,0.2,1448257988
64519711,BTC-E,eur_usd,eur_usd,bid,1.0369,1.87452,1448257988
64519710,BTC-E,eur_usd,eur_usd,bid,1.0369,0.15843,1448257988
64519709,BTC-E,eur_usd,eur_usd,bid,1.0369,0.1,1448257988
64519708,BTC-E,eur_usd,eur_usd,bid,1.03685,0.2,1448257988
64519707,BTC-E,eur_usd,eur_usd,bid,1.03684,0.81756,1448257988
64519706,BTC-E,eur_usd,eur_usd,bid,1.03684,0.89383,1448257988
64519705,BTC-E,eur_usd,eur_usd,bid,1.03684,0.55566,1448257988
64519704,BTC-E,eur_usd,eur_usd,bid,1.03674,0.2,1448257988
64519703,BTC-E,eur_usd,eur_usd,bid,1.03673,0.46863,1448257988
64519702,BTC-E,eur_usd,eur_usd,bid,1.03673,0.33137,1448257988
64519701,BTC-E,eur_usd,eur_usd,bid,1.03673,0.23432,1448257988
64519700,BTC-E,eur_usd,eur_usd,bid,1.03673,0.16568,1448257988
64519699,BTC-E,eur_usd,eur_usd,bid,1.03663,0.2,1448257988
64519698,BTC-E,eur_usd,eur_usd,bid,1.03662,0.1,1448257988
64519697,BTC-E,eur_usd,eur_usd,bid,1.03662,0.1,1448257988
64519611,BTC-E,eur_usd,eur_usd,bid,1.03662,0.1,1448257369
64519610,BTC-E,eur_usd,eur_usd,bid,1.03662,0.1,1448257369
64519550,BTC-E,eur_usd,eur_usd,bid,1.03662,0.1,1448256887
64519549,BTC-E,eur_usd,eur_usd,bid,1.03662,0.1,1448256887
64519354,BTC-E,eur_usd,eur_usd,bid,1.03662,0.1,1448256161
64519353,BTC-E,eur_usd,eur_usd,bid,1.03662,0.1,1448256161
64519314,BTC-E,eur_usd,eur_usd,ask,1.031,0.31453,1448255746
64519196,BTC-E,eur_usd,eur_usd,bid,1.03662,0.1,1448255224
64519195,BTC-E,eur_usd,eur_usd,bid,1.03662,0.1,1448255224
64519084,BTC-E,eur_usd,eur_usd,bid,1.03662,0.1,1448254456
64519083,BTC-E,eur_usd,eur_usd,bid,1.03662,0.1,1448254456
64518818,BTC-E,eur_usd,eur_usd,bid,1.03662,0.1,1448253267
64518817,BTC-E,eur_usd,eur_usd,bid,1.03662,0.1,1448253267
64518680,BTC-E,eur_usd,eur_usd,bid,1.03662,0.1,1448252397
64518679,BTC-E,eur_usd,eur_usd,bid,1.03662,0.1,1448252397
64518514,BTC-E,eur_usd,eur_usd,bid,1.03662,0.1,1448251648
64518513,BTC-E,eur_usd,eur_usd,bid,1.03662,0.1,1448251648
64518393,BTC-E,eur_usd,eur_usd,bid,1.03662,0.1,1448251341
64518392,BTC-E,eur_usd,eur_usd,bid,1.03662,0.1,1448251341
64517931,BTC-E,eur_usd,eur_usd,ask,1.03662,307.825,1448250525
64517930,BTC-E,eur_usd,eur_usd,bid,1.03662,0.1,1448250525
64517929,BTC-E,eur_usd,eur_usd,bid,1.03662,0.1,1448250525
64517851,BTC-E,eur_usd,eur_usd,bid,1.03662,0.1,1448250047
64517850,BTC-E,eur_usd,eur_usd,bid,1.03662,0.1,1448250047
64517593,BTC-E,eur_usd,eur_usd,bid,1.03662,0.1,1448249421
64517592,BTC-E,eur_usd,eur_usd,bid,1.03662,0.1,1448249421
64517219,BTC-E,eur_usd,eur_usd,ask,1.03102,0.112976,1448248648
64517008,BTC-E,eur_usd,eur_usd,bid,1.03662,0.1,1448247795
64517007,BTC-E,eur_usd,eur_usd,bid,1.03662,0.1,1448247795
64516932,BTC-E,eur_usd,eur_usd,bid,1.03662,0.1,1448247193
64516931,BTC-E,eur_usd,eur_usd,bid,1.03662,0.1,1448247193
64516851,BTC-E,eur_usd,eur_usd,bid,1.03662,0.1,1448246022
64516850,BTC-E,eur_usd,eur_usd,bid,1.03662,0.1,1448246022
64516751,BTC-E,eur_usd,eur_usd,bid,1.03662,0.1,1448245175
64516750,BTC-E,eur_usd,eur_usd,bid,1.03662,0.1,1448245175
64516608,BTC-E,eur_usd,eur_usd,bid,1.03662,0.1,1448244630
64516607,BTC-E,eur_usd,eur_usd,bid,1.03662,0.1,1448244630
64516411,BTC-E,eur_usd,eur_usd,bid,1.03662,0.1,1448243628
64516410,BTC-E,eur_usd,eur_usd,bid,1.03662,0.1,1448243628
64516187,BTC-E,eur_usd,eur_usd,ask,1.03103,0.113149,1448242580
64515837,BTC-E,eur_usd,eur_usd,bid,1.03662,0.1,1448241944
64515836,BTC-E,eur_usd,eur_usd,bid,1.03662,0.1,1448241944
64515471,BTC-E,eur_usd,eur_usd,bid,1.03662,0.1,1448241237
64515424,BTC-E,eur_usd,eur_usd,bid,1.03662,0.1,1448240803
64515423,BTC-E,eur_usd,eur_usd,bid,1.03662,0.1,1448240803
64515365,BTC-E,eur_usd,eur_usd,bid,1.03662,0.1,1448240357
64515364,BTC-E,eur_usd,eur_usd,bid,1.03662,0.1,1448240357
64515103,BTC-E,eur_usd,eur_usd,bid,1.03662,0.1,1448239240
64515102,BTC-E,eur_usd,eur_usd,bid,1.03662,0.1,1448239240
64514722,BTC-E,eur_usd,eur_usd,bid,1.03662,0.1,1448238313
64514721,BTC-E,eur_usd,eur_usd,bid,1.03662,0.1,1448238313
64514382,BTC-E,eur_usd,eur_usd,bid,1.03662,0.1,1448237567
64514381,BTC-E,eur_usd,eur_usd,bid,1.03662,0.1,1448237567
64514279,BTC-E,eur_usd,eur_usd,bid,1.03652,0.2,1448237121
64514009,BTC-E,eur_usd,eur_usd,ask,1.03111,0.2,1448236331
64513860,BTC-E,eur_usd,eur_usd,ask,1.03112,0.1,1448235835
64513709,BTC-E,eur_usd,eur_usd,ask,1.03125,0.2,1448235214
64513545,BTC-E,eur_usd,eur_usd,ask,1.03141,0.112961,1448234530
64513336,BTC-E,eur_usd,eur_usd,bid,1.03651,0.1,1448233811
64513159,BTC-E,eur_usd,eur_usd,bid,1.03651,0.1,1448232920
64513103,BTC-E,eur_usd,eur_usd,ask,1.03115,0.101504,1448232518
64512973,BTC-E,eur_usd,eur_usd,bid,1.03662,0.1,1448231778
64512898,BTC-E,eur_usd,eur_usd,ask,1.03112,0.1,1448231252
64512897,BTC-E,eur_usd,eur_usd,ask,1.03112,0.1,1448231252
64512562,BTC-E,eur_usd,eur_usd,ask,1.03101,0.1,1448230070
64512316,BTC-E,eur_usd,eur_usd,bid,1.03662,0.1,1448229148
64512315,BTC-E,eur_usd,eur_usd,bid,1.03662,0.1,1448229148
64511911,BTC-E,eur_usd,eur_usd,bid,1.03662,0.1,1448228331
64511910,BTC-E,eur_usd,eur_usd,bid,1.03662,0.1,1448228331
64511755,BTC-E,eur_usd,eur_usd,bid,1.03673,0.1,1448227524
64511754,BTC-E,eur_usd,eur_usd,bid,1.03673,0.1,1448227524
64511654,BTC-E,eur_usd,eur_usd,ask,1.0311,0.112875,1448226960
64511653,BTC-E,eur_usd,eur_usd,ask,1.0311,0.2,1448226960
64511426,BTC-E,eur_usd,eur_usd,ask,1.031,0.310921,1448226093
64511370,BTC-E,eur_usd,eur_usd,ask,1.03684,0.0474658,1448225759
64511369,BTC-E,eur_usd,eur_usd,bid,1.03684,0.1,1448225758
64511368,BTC-E,eur_usd,eur_usd,bid,1.03684,0.1,1448225758
64511306,BTC-E,eur_usd,eur_usd,ask,1.031,0.633269,1448225474
64511302,BTC-E,eur_usd,eur_usd,ask,1.031,3.32211,1448225474
64511264,BTC-E,eur_usd,eur_usd,ask,1.031,0.116469,1448225375
64511261,BTC-E,eur_usd,eur_usd,ask,1.031,0.19435,1448225375
64511252,BTC-E,eur_usd,eur_usd,ask,1.031,0.312021,1448225365
64511213,BTC-E,eur_usd,eur_usd,ask,1.031,1.28804,1448225315
64511211,BTC-E,eur_usd,eur_usd,ask,1.03104,0.0837857,1448225315
64511209,BTC-E,eur_usd,eur_usd,ask,1.03114,0.2,1448225315
64511193,BTC-E,eur_usd,eur_usd,ask,1.03104,0.116214,1448225293
64511192,BTC-E,eur_usd,eur_usd,ask,1.03111,0.2,1448225293
64511097,BTC-E,eur_usd,eur_usd,ask,1.03695,75.0597,1448225015
64511096,BTC-E,eur_usd,eur_usd,bid,1.03695,0.2,1448225014
64511045,BTC-E,eur_usd,eur_usd,ask,1.03112,0.1,1448224924
64510848,BTC-E,eur_usd,eur_usd,ask,1.03101,0.1,1448224270
64510847,BTC-E,eur_usd,eur_usd,ask,1.03101,0.1,1448224270
64510536,BTC-E,eur_usd,eur_usd,ask,1.03799,87.33,1448223272
64510535,BTC-E,eur_usd,eur_usd,bid,1.03799,0.1,1448223272
64510534,BTC-E,eur_usd,eur_usd,bid,1.03799,0.1,1448223272
64510195,BTC-E,eur_usd,eur_usd,bid,1.03799,0.1,1448222514
64510194,BTC-E,eur_usd,eur_usd,bid,1.03799,0.1,1448222514
64509804,BTC-E,eur_usd,eur_usd,bid,1.038,8.27123,1448221474
64509803,BTC-E,eur_usd,eur_usd,bid,1.038,20.0,1448221474
64509802,BTC-E,eur_usd,eur_usd,bid,1.03795,0.2,1448221474
64509801,BTC-E,eur_usd,eur_usd,bid,1.03794,1.0,1448221474
64509800,BTC-E,eur_usd,eur_usd,bid,1.03792,0.2,1448221474
64509799,BTC-E,eur_usd,eur_usd,bid,1.03792,0.2,1448221474
64509798,BTC-E,eur_usd,eur_usd,bid,1.03791,0.2,1448221474
64509797,BTC-E,eur_usd,eur_usd,bid,1.0379,0.2,1448221474
64509796,BTC-E,eur_usd,eur_usd,bid,1.03789,0.1595,1448221474
64509795,BTC-E,eur_usd,eur_usd,bid,1.0377,0.199,1448221474
64509794,BTC-E,eur_usd,eur_usd,bid,1.0376,0.101001,1448221474
64509735,BTC-E,eur_usd,eur_usd,bid,1.0376,0.0989994,1448221214
64509734,BTC-E,eur_usd,eur_usd,bid,1.03748,0.1419,1448221214
64509733,BTC-E,eur_usd,eur_usd,bid,1.03726,0.2,1448221214
64509732,BTC-E,eur_usd,eur_usd,bid,1.03706,0.2,1448221214
64509731,BTC-E,eur_usd,eur_usd,bid,1.037,20.0,1448221214
64509730,BTC-E,eur_usd,eur_usd,bid,1.037,20.0,1448221214
64509729,BTC-E,eur_usd,eur_usd,bid,1.0369,12.2102,1448221214
64509726,BTC-E,eur_usd,eur_usd,bid,1.0368,0.2,1448221214
64509723,BTC-E,eur_usd,eur_usd,bid,1.03679,0.1,1448221214
64509681,BTC-E,eur_usd,eur_usd,bid,1.0369,127.598,1448221118
64509680,BTC-E,eur_usd,eur_usd,bid,1.03659,0.2,1448221118
64509606,BTC-E,eur_usd,eur_usd,ask,1.031,1.90728,1448220904
64509602,BTC-E,eur_usd,eur_usd,ask,1.031,4.2983,1448220904
64509236,BTC-E,eur_usd,eur_usd,ask,1.03101,0.1,1448220510
64509235,BTC-E,eur_usd,eur_usd,ask,1.03101,0.1,1448220510
64509051,BTC-E,eur_usd,eur_usd,ask,1.03093,0.113101,1448219593
64509050,BTC-E,eur_usd,eur_usd,ask,1.03093,0.1,1448219593
64508814,BTC-E,eur_usd,eur_usd,ask,1.03067,0.10978,1448218885
64508410,BTC-E,eur_usd,eur_usd,bid,1.0369,22.1112,1448217860
64508406,BTC-E,eur_usd,eur_usd,bid,1.0369,100.0,1448217860
64508403,BTC-E,eur_usd,eur_usd,bid,1.03686,0.2,1448217860
64508401,BTC-E,eur_usd,eur_usd,bid,1.036,0.10978,1448217860
64508399,BTC-E,eur_usd,eur_usd,bid,1.035,0.0580713,1448217860
64508397,BTC-E,eur_usd,eur_usd,bid,1.035,9.03553,1448217860
64519929,BTC-E,nvc_usd,nvc_usd,ask,0.87,2.0661,1448258881
64519928,BTC-E,nvc_usd,nvc_usd,ask,0.87,0.1,1448258881
64519927,BTC-E,nvc_usd,nvc_usd,ask,0.87,0.833895,1448258881
64519917,BTC-E,nvc_usd,nvc_usd,ask,0.87,3.0,1448258821
64519912,BTC-E,nvc_usd,nvc_usd,ask,0.87,3.0,1448258761
64519909,BTC-E,nvc_usd,nvc_usd,ask,0.87,3.0,1448258701
64519889,BTC-E,nvc_usd,nvc_usd,ask,0.87,3.0,1448258641
64519887,BTC-E,nvc_usd,nvc_usd,ask,0.87,3.0,1448258581
64519884,BTC-E,nvc_usd,nvc_usd,ask,0.87,6.51248,1448258547
64519853,BTC-E,nvc_usd,nvc_usd,bid,0.877,3.14159,1448258389
64519849,BTC-E,nvc_usd,nvc_usd,ask,0.871,3.0,1448258340
64519833,BTC-E,nvc_usd,nvc_usd,ask,0.871,3.0,1448258280
64519792,BTC-E,nvc_usd,nvc_usd,ask,0.871,3.0,1448258220
64519784,BTC-E,nvc_usd,nvc_usd,ask,0.871,3.0,1448258161
64519769,BTC-E,nvc_usd,nvc_usd,ask,0.871,3.0,1448258100
64519744,BTC-E,nvc_usd,nvc_usd,ask,0.871,3.0,1448258040
64519694,BTC-E,nvc_usd,nvc_usd,ask,0.871,3.0,1448257981
64519693,BTC-E,nvc_usd,nvc_usd,bid,0.871,3.0,1448257920
64519681,BTC-E,nvc_usd,nvc_usd,bid,0.871,3.0,1448257860
64519672,BTC-E,nvc_usd,nvc_usd,bid,0.871,3.0,1448257800
64519660,BTC-E,nvc_usd,nvc_usd,ask,0.871,3.0,1448257741
64519657,BTC-E,nvc_usd,nvc_usd,ask,0.871,1.06148,1448257680
64519656,BTC-E,nvc_usd,nvc_usd,ask,0.871,0.217325,1448257680
64519655,BTC-E,nvc_usd,nvc_usd,ask,0.871,1.7212,1448257680
64519652,BTC-E,nvc_usd,nvc_usd,ask,0.871,3.0,1448257621
64519651,BTC-E,nvc_usd,nvc_usd,ask,0.871,1.59262,1448257586
64519649,BTC-E,nvc_usd,nvc_usd,ask,0.871,4.62016,1448257586
64519627,BTC-E,nvc_usd,nvc_usd,bid,0.878,13.0734,1448257459
64519626,BTC-E,nvc_usd,nvc_usd,bid,0.877,0.216271,1448257459
64518289,BTC-E,nvc_usd,nvc_usd,bid,0.877,3.14159,1448251260
64518230,BTC-E,nvc_usd,nvc_usd,bid,0.877,3.14159,1448251200
64516947,BTC-E,nvc_usd,nvc_usd,ask,0.871,6.51248,1448247265
64516643,BTC-E,nvc_usd,nvc_usd,ask,0.87,3.91146,1448244806
64515219,BTC-E,nvc_usd,nvc_usd,ask,0.873,6.52247,1448239704
64514436,BTC-E,nvc_usd,nvc_usd,ask,0.873,6.53246,1448237784
64513847,BTC-E,nvc_usd,nvc_usd,ask,0.87,6.53346,1448235744
64513833,BTC-E,nvc_usd,nvc_usd,bid,0.878,21.2307,1448235696
64513832,BTC-E,nvc_usd,nvc_usd,bid,0.878,0.1,1448235696
64512969,BTC-E,nvc_usd,nvc_usd,ask,0.87,11.6374,1448231673
64512692,BTC-E,nvc_usd,nvc_usd,ask,0.87,5.3929,1448230510
64511379,BTC-E,nvc_usd,nvc_usd,ask,0.87,0.178454,1448225846
64511378,BTC-E,nvc_usd,nvc_usd,ask,0.877,0.178811,1448225832
64511377,BTC-E,nvc_usd,nvc_usd,ask,0.877,0.193308,1448225818
64511374,BTC-E,nvc_usd,nvc_usd,ask,0.877,0.193695,1448225797
64511372,BTC-E,nvc_usd,nvc_usd,ask,0.877,0.194083,1448225782
64511371,BTC-E,nvc_usd,nvc_usd,ask,0.877,0.194472,1448225770
64511367,BTC-E,nvc_usd,nvc_usd,ask,0.877,0.194862,1448225755
64511363,BTC-E,nvc_usd,nvc_usd,ask,0.877,0.195253,1448225738
64511362,BTC-E,nvc_usd,nvc_usd,ask,0.877,0.195644,1448225725
64511358,BTC-E,nvc_usd,nvc_usd,ask,0.877,0.196036,1448225705
64511356,BTC-E,nvc_usd,nvc_usd,ask,0.877,0.196429,1448225682
64511355,BTC-E,nvc_usd,nvc_usd,ask,0.877,0.196822,1448225670
64511352,BTC-E,nvc_usd,nvc_usd,ask,0.877,0.197217,1448225655
64511345,BTC-E,nvc_usd,nvc_usd,ask,0.877,0.197612,1448225631
64511343,BTC-E,nvc_usd,nvc_usd,ask,0.877,0.198008,1448225612
64511340,BTC-E,nvc_usd,nvc_usd,ask,0.877,0.198405,1448225596
64511332,BTC-E,nvc_usd,nvc_usd,ask,0.877,0.198802,1448225561
64511323,BTC-E,nvc_usd,nvc_usd,ask,0.877,0.199201,1448225517
64511317,BTC-E,nvc_usd,nvc_usd,ask,0.877,0.1996,1448225498
64511255,BTC-E,nvc_usd,nvc_usd,ask,0.877,0.1,1448225366
64511251,BTC-E,nvc_usd,nvc_usd,bid,0.877,0.1,1448225365
64511234,BTC-E,nvc_usd,nvc_usd,ask,0.868,44.6385,1448225335
64511184,BTC-E,nvc_usd,nvc_usd,ask,0.868,3.24184,1448225271
64511134,BTC-E,nvc_usd,nvc_usd,ask,0.868,0.728827,1448225140
64511125,BTC-E,nvc_usd,nvc_usd,ask,0.868,0.273803,1448225121
64511123,BTC-E,nvc_usd,nvc_usd,ask,0.868,0.1,1448225121
64511038,BTC-E,nvc_usd,nvc_usd,ask,0.869,0.1,1448224863
64511023,BTC-E,nvc_usd,nvc_usd,ask,0.87,0.1,1448224857
64510807,BTC-E,nvc_usd,nvc_usd,bid,0.878,2.7,1448224082
64508673,BTC-E,nvc_usd,nvc_usd,ask,0.878,3.0,1448218740
64508651,BTC-E,nvc_usd,nvc_usd,bid,0.878,3.0,1448218681
64508645,BTC-E,nvc_usd,nvc_usd,bid,0.878,3.0,1448218621
64508612,BTC-E,nvc_usd,nvc_usd,ask,0.878,3.0,1448218561
64508603,BTC-E,nvc_usd,nvc_usd,ask,0.878,3.0,1448218501
64508585,BTC-E,nvc_usd,nvc_usd,ask,0.878,0.1,1448218441
64508583,BTC-E,nvc_usd,nvc_usd,bid,0.878,3.0,1448218440
64508582,BTC-E,nvc_usd,nvc_usd,bid,0.878,0.00353937,1448218440
64508540,BTC-E,nvc_usd,nvc_usd,bid,0.878,0.0964606,1448218381
64508539,BTC-E,nvc_usd,nvc_usd,bid,0.878,3.04513,1448218381
64508525,BTC-E,nvc_usd,nvc_usd,bid,0.878,3.14159,1448218320
64508512,BTC-E,nvc_usd,nvc_usd,bid,0.878,3.14159,1448218278
64508511,BTC-E,nvc_usd,nvc_usd,ask,0.869,3.0,1448218261
64508469,BTC-E,nvc_usd,nvc_usd,ask,0.869,3.0,1448218201
64508462,BTC-E,nvc_usd,nvc_usd,ask,0.869,3.0,1448218141
64508443,BTC-E,nvc_usd,nvc_usd,ask,0.869,3.0,1448218080
64508435,BTC-E,nvc_usd,nvc_usd,ask,0.869,3.0,1448218021
64508429,BTC-E,nvc_usd,nvc_usd,ask,0.869,3.0,1448217961
64508407,BTC-E,nvc_usd,nvc_usd,ask,0.869,0.1,1448217860
64508404,BTC-E,nvc_usd,nvc_usd,ask,0.87,0.1,1448217860
64507701,BTC-E,nvc_usd,nvc_usd,bid,0.878,18.0922,1448215053
64505073,BTC-E,nvc_usd,nvc_usd,bid,0.879,13.13,1448204738
64504666,BTC-E,nvc_usd,nvc_usd,bid,0.879,3.14159,1448202723
64504650,BTC-E,nvc_usd,nvc_usd,bid,0.879,3.14159,1448202661
64504640,BTC-E,nvc_usd,nvc_usd,bid,0.879,3.14159,1448202601
64504517,BTC-E,nvc_usd,nvc_usd,bid,0.879,3.14159,1448202541
64504503,BTC-E,nvc_usd,nvc_usd,bid,0.879,3.14159,1448202481
64504488,BTC-E,nvc_usd,nvc_usd,bid,0.879,3.14159,1448202421
64504456,BTC-E,nvc_usd,nvc_usd,bid,0.879,3.14159,1448202360
64504444,BTC-E,nvc_usd,nvc_usd,bid,0.879,3.14159,1448202301
64504439,BTC-E,nvc_usd,nvc_usd,bid,0.879,3.14159,1448202240
64504436,BTC-E,nvc_usd,nvc_usd,bid,0.879,3.14159,1448202227
64504430,BTC-E,nvc_usd,nvc_usd,ask,0.876,3.0,1448202181
64504414,BTC-E,nvc_usd,nvc_usd,ask,0.876,3.0,1448202121
64504386,BTC-E,nvc_usd,nvc_usd,bid,0.876,0.680442,1448202061
64504385,BTC-E,nvc_usd,nvc_usd,ask,0.876,2.31956,1448202061
64504332,BTC-E,nvc_usd,nvc_usd,ask,0.876,3.0,1448202001
64504324,BTC-E,nvc_usd,nvc_usd,ask,0.876,450.502,1448201970
64504279,BTC-E,nvc_usd,nvc_usd,ask,0.876,3.0,1448201942
64504254,BTC-E,nvc_usd,nvc_usd,ask,0.876,3.0,1448201881
64504241,BTC-E,nvc_usd,nvc_usd,ask,0.876,3.0,1448201821
64504217,BTC-E,nvc_usd,nvc_usd,ask,0.876,3.0,1448201761
64504196,BTC-E,nvc_usd,nvc_usd,ask,0.876,3.0,1448201702
64504182,BTC-E,nvc_usd,nvc_usd,ask,0.876,3.0,1448201642
64504173,BTC-E,nvc_usd,nvc_usd,ask,0.876,3.0,1448201581
64504169,BTC-E,nvc_usd,nvc_usd,ask,0.876,3.0,1448201521
64504156,BTC-E,nvc_usd,nvc_usd,ask,0.876,0.374525,1448201468
64504143,BTC-E,nvc_usd,nvc_usd,bid,0.879,3.14159,1448201461
64504134,BTC-E,nvc_usd,nvc_usd,bid,0.879,3.14159,1448201401
64503880,BTC-E,nvc_usd,nvc_usd,bid,0.879,3.14159,1448201341
64503862,BTC-E,nvc_usd,nvc_usd,bid,0.879,3.14159,1448201281
64503847,BTC-E,nvc_usd,nvc_usd,bid,0.879,3.14159,1448201225
64503846,BTC-E,nvc_usd,nvc_usd,ask,0.876,3.0,1448201221
64503830,BTC-E,nvc_usd,nvc_usd,ask,0.876,3.0,1448201162
64503787,BTC-E,nvc_usd,nvc_usd,ask,0.876,3.0,1448201101
64503767,BTC-E,nvc_usd,nvc_usd,ask,0.876,0.333989,1448201047
64503757,BTC-E,nvc_usd,nvc_usd,ask,0.876,3.0,1448201041
64503734,BTC-E,nvc_usd,nvc_usd,ask,0.876,3.0,1448200981
64503728,BTC-E,nvc_usd,nvc_usd,ask,0.876,3.0,1448200921
64503722,BTC-E,nvc_usd,nvc_usd,ask,0.876,0.353065,1448200901
64503696,BTC-E,nvc_usd,nvc_usd,bid,0.879,3.14159,1448200800
64503664,BTC-E,nvc_usd,nvc_usd,bid,0.879,3.14159,1448200740
64503635,BTC-E,nvc_usd,nvc_usd,bid,0.879,3.14159,1448200680
64503607,BTC-E,nvc_usd,nvc_usd,bid,0.879,3.14159,1448200620
64503528,BTC-E,nvc_usd,nvc_usd,bid,0.879,3.14159,1448200560
64503507,BTC-E,nvc_usd,nvc_usd,bid,0.879,3.14159,1448200500
64503482,BTC-E,nvc_usd,nvc_usd,bid,0.879,3.14159,1448200441
64503460,BTC-E,nvc_usd,nvc_usd,bid,0.879,3.14159,1448200380
64503449,BTC-E,nvc_usd,nvc_usd,bid,0.879,3.14159,1448200320
64503438,BTC-E,nvc_usd,nvc_usd,bid,0.879,3.14159,1448200261
64503422,BTC-E,nvc_usd,nvc_usd,bid,0.879,3.14159,1448200223
64503420,BTC-E,nvc_usd,nvc_usd,ask,0.876,3.0,1448200201
64503411,BTC-E,nvc_usd,nvc_usd,ask,0.876,3.0,1448200141
64503388,BTC-E,nvc_usd,nvc_usd,ask,0.876,3.0,1448200081
64503382,BTC-E,nvc_usd,nvc_usd,ask,0.876,3.0,1448200021
64503373,BTC-E,nvc_usd,nvc_usd,ask,0.876,3.0,1448199961
64503370,BTC-E,nvc_usd,nvc_usd,ask,0.876,0.359041,1448199956
64503354,BTC-E,nvc_usd,nvc_usd,ask,0.876,0.97912,1448199922
64503348,BTC-E,nvc_usd,nvc_usd,ask,0.876,3.0,1448199901
64503279,BTC-E,nvc_usd,nvc_usd,ask,0.876,3.0,1448199841
64503270,BTC-E,nvc_usd,nvc_usd,ask,0.876,3.0,1448199781
64519926,BTC-E,btc_usd,btc_usd,bid,320.782,1.0,1448258881
64519924,BTC-E,btc_usd,btc_usd,ask,320.763,0.857309,1448258872
64519923,BTC-E,btc_usd,btc_usd,bid,320.564,0.0268791,1448258867
64519922,BTC-E,btc_usd,btc_usd,bid,320.563,0.115812,1448258867
64519920,BTC-E,btc_usd,btc_usd,bid,320.563,0.0941884,1448258833
64519919,BTC-E,btc_usd,btc_usd,ask,320.4,0.175029,1448258824
64519918,BTC-E,btc_usd,btc_usd,ask,320.401,0.0174518,1448258824
64519914,BTC-E,btc_usd,btc_usd,ask,320.4,0.0426561,1448258767
64519913,BTC-E,btc_usd,btc_usd,bid,320.563,0.0174518,1448258766
64519910,BTC-E,btc_usd,btc_usd,bid,320.559,0.01,1448258701
64519908,BTC-E,btc_usd,btc_usd,bid,320.559,1.32555,1448258699
64519907,BTC-E,btc_usd,btc_usd,bid,320.505,0.011049,1448258699
64519901,BTC-E,btc_usd,btc_usd,ask,320.4,0.099155,1448258667
64519893,BTC-E,btc_usd,btc_usd,ask,320.4,0.0655299,1448258644
64519892,BTC-E,btc_usd,btc_usd,ask,320.437,0.0110965,1448258644
64519891,BTC-E,btc_usd,btc_usd,ask,320.483,0.0110903,1448258644
64519888,BTC-E,btc_usd,btc_usd,ask,320.532,0.0111016,1448258638
64519885,BTC-E,btc_usd,btc_usd,bid,320.564,0.017657,1448258547
64519880,BTC-E,btc_usd,btc_usd,bid,320.564,0.0110965,1448258442
64519878,BTC-E,btc_usd,btc_usd,bid,320.564,0.0110903,1448258425
64519877,BTC-E,btc_usd,btc_usd,bid,320.564,0.0110903,1448258422
64519876,BTC-E,btc_usd,btc_usd,bid,320.564,0.0110903,1448258419
64519869,BTC-E,btc_usd,btc_usd,ask,320.564,0.0110965,1448258410
64519866,BTC-E,btc_usd,btc_usd,ask,320.797,0.0110977,1448258403
64519865,BTC-E,btc_usd,btc_usd,ask,320.798,0.032,1448258402
64519864,BTC-E,btc_usd,btc_usd,ask,320.798,0.115,1448258400
64519863,BTC-E,btc_usd,btc_usd,bid,320.798,0.08,1448258397
64519862,BTC-E,btc_usd,btc_usd,ask,320.798,0.115,1448258393
64519852,BTC-E,btc_usd,btc_usd,ask,320.798,0.115,1448258385
64519851,BTC-E,btc_usd,btc_usd,ask,320.565,0.153,1448258370
64519847,BTC-E,btc_usd,btc_usd,bid,321.3,1.38723,1448258315
64519846,BTC-E,btc_usd,btc_usd,bid,321.299,0.038,1448258315
64519845,BTC-E,btc_usd,btc_usd,bid,321.242,0.22,1448258315
64519844,BTC-E,btc_usd,btc_usd,bid,321.2,0.2245,1448258315
64519843,BTC-E,btc_usd,btc_usd,bid,321.113,0.01104,1448258315
64519842,BTC-E,btc_usd,btc_usd,bid,321.113,0.288705,1448258315
64519841,BTC-E,btc_usd,btc_usd,bid,321.075,0.011044,1448258315
64519840,BTC-E,btc_usd,btc_usd,bid,321.066,0.01,1448258315
64519839,BTC-E,btc_usd,btc_usd,bid,321.065,0.0855,1448258315
64519838,BTC-E,btc_usd,btc_usd,bid,321.05,0.011045,1448258315
64519837,BTC-E,btc_usd,btc_usd,bid,321.033,0.01104,1448258315
64519836,BTC-E,btc_usd,btc_usd,bid,321.031,0.0425,1448258315
64519835,BTC-E,btc_usd,btc_usd,bid,321.03,0.02,1448258315
64519832,BTC-E,btc_usd,btc_usd,bid,321.0,0.02,1448258280
64519831,BTC-E,btc_usd,btc_usd,bid,321.0,0.01,1448258280
64519830,BTC-E,btc_usd,btc_usd,bid,321.0,0.0894209,1448258280
64519829,BTC-E,btc_usd,btc_usd,bid,320.981,0.22,1448258280
64519828,BTC-E,btc_usd,btc_usd,bid,320.931,0.001042,1448258280
64519827,BTC-E,btc_usd,btc_usd,bid,320.902,0.01104,1448258280
64519826,BTC-E,btc_usd,btc_usd,bid,320.772,0.011049,1448258280
64519825,BTC-E,btc_usd,btc_usd,bid,320.772,0.011045,1448258280
64519824,BTC-E,btc_usd,btc_usd,bid,320.772,0.0924148,1448258280
64519823,BTC-E,btc_usd,btc_usd,bid,320.771,0.148488,1448258280
64519822,BTC-E,btc_usd,btc_usd,bid,320.77,0.1275,1448258280
64519821,BTC-E,btc_usd,btc_usd,bid,320.659,0.01104,1448258280
64519815,BTC-E,btc_usd,btc_usd,ask,320.77,0.0212571,1448258221
64519791,BTC-E,btc_usd,btc_usd,ask,320.77,0.011044,1448258208
64519790,BTC-E,btc_usd,btc_usd,bid,320.771,0.00567154,1448258189
64519789,BTC-E,btc_usd,btc_usd,bid,320.771,0.0243285,1448258189
64519785,BTC-E,btc_usd,btc_usd,ask,320.771,0.0224597,1448258177
64519783,BTC-E,btc_usd,btc_usd,ask,320.771,0.0177,1448258160
64519781,BTC-E,btc_usd,btc_usd,bid,320.772,0.21,1448258107
64519776,BTC-E,btc_usd,btc_usd,bid,320.765,0.0138,1448258102
64519775,BTC-E,btc_usd,btc_usd,bid,320.75,0.122117,1448258102
64519774,BTC-E,btc_usd,btc_usd,bid,320.749,2.9611,1448258102
64519773,BTC-E,btc_usd,btc_usd,bid,320.748,0.038,1448258102
64519772,BTC-E,btc_usd,btc_usd,bid,320.645,0.011045,1448258102
64519771,BTC-E,btc_usd,btc_usd,bid,320.644,0.202286,1448258102
64519770,BTC-E,btc_usd,btc_usd,bid,320.563,0.011044,1448258102
64519768,BTC-E,btc_usd,btc_usd,ask,320.4,0.01,1448258089
64519743,BTC-E,btc_usd,btc_usd,bid,320.591,0.011049,1448258024
64519742,BTC-E,btc_usd,btc_usd,bid,320.569,0.01104,1448258024
64519741,BTC-E,btc_usd,btc_usd,bid,320.555,0.011049,1448258024
64519740,BTC-E,btc_usd,btc_usd,bid,320.526,0.01104,1448258024
64519739,BTC-E,btc_usd,btc_usd,bid,320.526,0.011045,1448258024
64519738,BTC-E,btc_usd,btc_usd,bid,320.526,0.011044,1448258024
64519737,BTC-E,btc_usd,btc_usd,bid,320.526,0.011047,1448258024
64519736,BTC-E,btc_usd,btc_usd,bid,320.526,1.64495,1448258024
64519735,BTC-E,btc_usd,btc_usd,bid,320.484,4.4E-5,1448258024
64519718,BTC-E,btc_usd,btc_usd,ask,320.4,0.02,1448257992
64519696,BTC-E,btc_usd,btc_usd,ask,320.4,0.0226751,1448257988
64519687,BTC-E,btc_usd,btc_usd,ask,320.4,0.02,1448257892
64519686,BTC-E,btc_usd,btc_usd,ask,320.4,0.246,1448257880
64519685,BTC-E,btc_usd,btc_usd,ask,320.4,3.09,1448257880
64519683,BTC-E,btc_usd,btc_usd,ask,320.4,0.02,1448257863
64519680,BTC-E,btc_usd,btc_usd,ask,320.4,0.02,1448257830
64519679,BTC-E,btc_usd,btc_usd,ask,320.4,0.481,1448257826
64519677,BTC-E,btc_usd,btc_usd,ask,320.4,0.04,1448257822
64519676,BTC-E,btc_usd,btc_usd,ask,320.484,0.088956,1448257816
64519675,BTC-E,btc_usd,btc_usd,bid,320.484,0.011044,1448257814
64519674,BTC-E,btc_usd,btc_usd,ask,320.4,0.27,1448257809
64519673,BTC-E,btc_usd,btc_usd,ask,320.4,0.02,1448257804
64519671,BTC-E,btc_usd,btc_usd,ask,320.4,0.27,1448257793
64519669,BTC-E,btc_usd,btc_usd,ask,320.4,0.07,1448257785
64519668,BTC-E,btc_usd,btc_usd,ask,320.4,0.295,1448257776
64519667,BTC-E,btc_usd,btc_usd,ask,320.401,0.186,1448257770
64519664,BTC-E,btc_usd,btc_usd,ask,320.335,0.0162856,1448257745
64519661,BTC-E,btc_usd,btc_usd,ask,320.334,0.23482,1448257742
64519658,BTC-E,btc_usd,btc_usd,bid,320.526,0.016,1448257688
64519654,BTC-E,btc_usd,btc_usd,bid,320.526,1.198,1448257677
64519653,BTC-E,btc_usd,btc_usd,bid,320.525,0.105,1448257677
64519650,BTC-E,btc_usd,btc_usd,bid,320.526,0.0168658,1448257586
64519644,BTC-E,btc_usd,btc_usd,bid,320.526,0.257515,1448257586
64519639,BTC-E,btc_usd,btc_usd,bid,320.526,1.985,1448257563
64519638,BTC-E,btc_usd,btc_usd,bid,320.525,0.105,1448257563
64519637,BTC-E,btc_usd,btc_usd,bid,320.526,0.414925,1448257520
64519636,BTC-E,btc_usd,btc_usd,bid,320.336,0.187375,1448257520
64519634,BTC-E,btc_usd,btc_usd,bid,320.336,0.171325,1448257498
64519633,BTC-E,btc_usd,btc_usd,bid,320.335,0.01104,1448257498
64519631,BTC-E,btc_usd,btc_usd,ask,320.334,0.144285,1448257491
64519624,BTC-E,btc_usd,btc_usd,ask,320.335,0.0657154,1448257427
64519623,BTC-E,btc_usd,btc_usd,ask,320.336,0.105,1448257413
64519613,BTC-E,btc_usd,btc_usd,ask,320.335,0.0376469,1448257385
64519612,BTC-E,btc_usd,btc_usd,ask,320.336,0.105,1448257385
64519609,BTC-E,btc_usd,btc_usd,bid,320.526,0.157937,1448257336
64519608,BTC-E,btc_usd,btc_usd,bid,320.525,0.0925642,1448257336
64519605,BTC-E,btc_usd,btc_usd,bid,320.526,0.0340502,1448257302
64519604,BTC-E,btc_usd,btc_usd,bid,320.462,0.01104,1448257302
64519599,BTC-E,btc_usd,btc_usd,bid,320.526,7.7,1448257223
64519598,BTC-E,btc_usd,btc_usd,ask,320.335,0.0559735,1448257216
64519597,BTC-E,btc_usd,btc_usd,ask,320.335,0.025,1448257211
64519593,BTC-E,btc_usd,btc_usd,ask,320.335,0.0115907,1448257202
64519592,BTC-E,btc_usd,btc_usd,ask,320.334,1.69846,1448257145
64519591,BTC-E,btc_usd,btc_usd,ask,320.35,0.02,1448257145
64519590,BTC-E,btc_usd,btc_usd,ask,320.525,0.2905,1448257145
64519588,BTC-E,btc_usd,btc_usd,ask,320.525,0.481,1448257138
64519583,BTC-E,btc_usd,btc_usd,ask,320.525,0.0105,1448257105
64519581,BTC-E,btc_usd,btc_usd,ask,320.525,0.116,1448257067
64519580,BTC-E,btc_usd,btc_usd,bid,320.526,0.0971944,1448257065
64519579,BTC-E,btc_usd,btc_usd,ask,320.525,0.136,1448257052
64519578,BTC-E,btc_usd,btc_usd,ask,320.525,0.07,1448257045
64519577,BTC-E,btc_usd,btc_usd,ask,320.525,0.03,1448257041
64519576,BTC-E,btc_usd,btc_usd,ask,320.525,0.13,1448257035
64519572,BTC-E,btc_usd,btc_usd,ask,320.525,0.1,1448257031
64519571,BTC-E,btc_usd,btc_usd,ask,320.525,0.01,1448257029
64519567,BTC-E,btc_usd,btc_usd,ask,320.525,0.116,1448256959
64519566,BTC-E,btc_usd,btc_usd,bid,320.525,0.21,1448256956
64519565,BTC-E,btc_usd,btc_usd,ask,320.334,0.234,1448256932
64519564,BTC-E,btc_usd,btc_usd,ask,320.334,0.248,1448256925
64519562,BTC-E,btc_usd,btc_usd,ask,320.334,1.5905,1448256918
64519561,BTC-E,btc_usd,btc_usd,ask,320.334,0.025,1448256915
64519560,BTC-E,btc_usd,btc_usd,ask,320.334,0.242,1448256913
64519559,BTC-E,btc_usd,btc_usd,ask,320.335,0.105,1448256913
64519557,BTC-E,btc_usd,btc_usd,ask,320.334,0.486,1448256907
64519556,BTC-E,btc_usd,btc_usd,ask,320.335,0.105,1448256902
64519553,BTC-E,btc_usd,btc_usd,bid,320.526,0.787553,1448256889
64519552,BTC-E,btc_usd,btc_usd,bid,320.444,0.011047,1448256889
64519551,BTC-E,btc_usd,btc_usd,bid,320.443,0.105,1448256889
64519543,BTC-E,btc_usd,btc_usd,ask,320.334,0.011,1448256803
64519542,BTC-E,btc_usd,btc_usd,ask,320.335,0.105,1448256803
64519780,BTC-E,ltc_eur,ltc_eur,ask,3.023,247.116,1448258103
64519779,BTC-E,ltc_eur,ltc_eur,bid,3.023,0.2,1448258102
64519778,BTC-E,ltc_eur,ltc_eur,bid,3.023,0.1,1448258102
64519777,BTC-E,ltc_eur,ltc_eur,bid,3.023,0.1,1448258102
64519690,BTC-E,ltc_eur,ltc_eur,ask,2.996,0.2,1448257898
64519689,BTC-E,ltc_eur,ltc_eur,ask,2.996,0.1,1448257898
64519688,BTC-E,ltc_eur,ltc_eur,ask,2.996,0.1,1448257898
64519601,BTC-E,ltc_eur,ltc_eur,bid,3.022,0.1,1448257258
64519370,BTC-E,ltc_eur,ltc_eur,bid,3.019,0.1,1448256235
64519369,BTC-E,ltc_eur,ltc_eur,bid,3.016,0.1,1448256234
64519313,BTC-E,ltc_eur,ltc_eur,bid,3.013,0.104495,1448255746
64519312,BTC-E,ltc_eur,ltc_eur,bid,3.013,0.119765,1448255746
64519161,BTC-E,ltc_eur,ltc_eur,bid,3.014,0.1,1448254942
64519121,BTC-E,ltc_eur,ltc_eur,bid,3.013,0.1,1448254635
64519120,BTC-E,ltc_eur,ltc_eur,bid,3.013,0.1,1448254635
64519119,BTC-E,ltc_eur,ltc_eur,bid,3.013,0.1,1448254635
64519118,BTC-E,ltc_eur,ltc_eur,bid,3.013,0.1,1448254635
64518821,BTC-E,ltc_eur,ltc_eur,bid,3.015,0.1,1448253276
64518820,BTC-E,ltc_eur,ltc_eur,bid,3.015,0.1,1448253276
64518819,BTC-E,ltc_eur,ltc_eur,bid,3.015,0.1,1448253276
64518815,BTC-E,ltc_eur,ltc_eur,bid,3.015,0.2,1448253200
64518814,BTC-E,ltc_eur,ltc_eur,bid,3.015,0.1,1448253200
64518813,BTC-E,ltc_eur,ltc_eur,bid,3.015,0.1,1448253200
64518798,BTC-E,ltc_eur,ltc_eur,bid,3.015,0.2,1448253128
64518797,BTC-E,ltc_eur,ltc_eur,bid,3.015,0.1,1448253128
64518796,BTC-E,ltc_eur,ltc_eur,bid,3.015,0.1,1448253128
64518786,BTC-E,ltc_eur,ltc_eur,bid,3.015,0.2,1448253012
64518785,BTC-E,ltc_eur,ltc_eur,bid,3.015,0.1,1448253012
64518784,BTC-E,ltc_eur,ltc_eur,bid,3.015,0.1,1448253012
64518770,BTC-E,ltc_eur,ltc_eur,bid,3.015,0.2,1448252937
64518769,BTC-E,ltc_eur,ltc_eur,bid,3.015,0.1,1448252937
64518768,BTC-E,ltc_eur,ltc_eur,bid,3.015,0.1,1448252937
64518760,BTC-E,ltc_eur,ltc_eur,bid,3.015,0.1,1448252863
64518759,BTC-E,ltc_eur,ltc_eur,bid,3.015,0.1,1448252863
64518758,BTC-E,ltc_eur,ltc_eur,bid,3.015,0.1,1448252863
64518757,BTC-E,ltc_eur,ltc_eur,bid,3.015,0.1,1448252863
64518734,BTC-E,ltc_eur,ltc_eur,bid,3.015,0.2,1448252778
64518733,BTC-E,ltc_eur,ltc_eur,bid,3.015,0.1,1448252778
64518732,BTC-E,ltc_eur,ltc_eur,bid,3.015,0.1,1448252778
64518723,BTC-E,ltc_eur,ltc_eur,bid,3.015,0.2,1448252702
64518722,BTC-E,ltc_eur,ltc_eur,bid,3.015,0.1,1448252702
64518721,BTC-E,ltc_eur,ltc_eur,bid,3.015,0.1,1448252702
64518713,BTC-E,ltc_eur,ltc_eur,bid,3.015,0.2,1448252629
64518712,BTC-E,ltc_eur,ltc_eur,bid,3.015,0.1,1448252629
64518711,BTC-E,ltc_eur,ltc_eur,bid,3.015,0.1,1448252629
64518702,BTC-E,ltc_eur,ltc_eur,bid,3.015,0.2,1448252554
64518701,BTC-E,ltc_eur,ltc_eur,bid,3.015,0.1,1448252554
64518700,BTC-E,ltc_eur,ltc_eur,bid,3.015,0.1,1448252554
64518695,BTC-E,ltc_eur,ltc_eur,bid,3.015,0.2,1448252484
64518694,BTC-E,ltc_eur,ltc_eur,bid,3.015,0.1,1448252484
64518693,BTC-E,ltc_eur,ltc_eur,bid,3.015,0.1,1448252484
64518683,BTC-E,ltc_eur,ltc_eur,bid,3.015,0.2,1448252412
64518682,BTC-E,ltc_eur,ltc_eur,bid,3.015,0.1,1448252412
64518681,BTC-E,ltc_eur,ltc_eur,bid,3.015,0.1,1448252412
64518672,BTC-E,ltc_eur,ltc_eur,bid,3.015,0.2,1448252305
64518671,BTC-E,ltc_eur,ltc_eur,bid,3.015,0.1,1448252305
64518670,BTC-E,ltc_eur,ltc_eur,bid,3.015,0.1,1448252305
64518660,BTC-E,ltc_eur,ltc_eur,bid,3.015,0.2,1448252232
64518659,BTC-E,ltc_eur,ltc_eur,bid,3.015,0.1,1448252232
64518658,BTC-E,ltc_eur,ltc_eur,bid,3.015,0.1,1448252232
64518648,BTC-E,ltc_eur,ltc_eur,bid,3.015,0.2,1448252123
64518647,BTC-E,ltc_eur,ltc_eur,bid,3.015,0.1,1448252123
64518646,BTC-E,ltc_eur,ltc_eur,bid,3.015,0.1,1448252123
64518635,BTC-E,ltc_eur,ltc_eur,bid,3.015,0.2,1448252047
64518634,BTC-E,ltc_eur,ltc_eur,bid,3.015,0.1,1448252047
64518633,BTC-E,ltc_eur,ltc_eur,bid,3.015,0.1,1448252047
64518616,BTC-E,ltc_eur,ltc_eur,bid,3.015,0.2,1448251964
64518615,BTC-E,ltc_eur,ltc_eur,bid,3.015,0.1,1448251964
64518614,BTC-E,ltc_eur,ltc_eur,bid,3.015,0.1,1448251964
64518608,BTC-E,ltc_eur,ltc_eur,bid,3.015,0.2,1448251889
64518607,BTC-E,ltc_eur,ltc_eur,bid,3.015,0.1,1448251889
64518606,BTC-E,ltc_eur,ltc_eur,bid,3.015,0.1,1448251889
64518598,BTC-E,ltc_eur,ltc_eur,bid,3.015,0.2,1448251816
64518597,BTC-E,ltc_eur,ltc_eur,bid,3.015,0.1,1448251816
64518596,BTC-E,ltc_eur,ltc_eur,bid,3.015,0.1,1448251816
64518581,BTC-E,ltc_eur,ltc_eur,bid,3.015,0.1,1448251737
64518580,BTC-E,ltc_eur,ltc_eur,bid,3.015,0.1,1448251737
64518579,BTC-E,ltc_eur,ltc_eur,bid,3.015,0.1,1448251737
64518528,BTC-E,ltc_eur,ltc_eur,bid,3.015,0.1,1448251662
64518527,BTC-E,ltc_eur,ltc_eur,bid,3.015,0.1,1448251662
64518456,BTC-E,ltc_eur,ltc_eur,bid,3.015,0.2,1448251591
64518455,BTC-E,ltc_eur,ltc_eur,bid,3.015,0.1,1448251591
64518454,BTC-E,ltc_eur,ltc_eur,bid,3.015,0.1,1448251591
64518434,BTC-E,ltc_eur,ltc_eur,bid,3.015,0.2,1448251517
64518433,BTC-E,ltc_eur,ltc_eur,bid,3.015,0.1,1448251517
64518432,BTC-E,ltc_eur,ltc_eur,bid,3.015,0.1,1448251517
64518421,BTC-E,ltc_eur,ltc_eur,bid,3.015,0.2,1448251438
64518420,BTC-E,ltc_eur,ltc_eur,bid,3.015,0.1,1448251438
64518419,BTC-E,ltc_eur,ltc_eur,bid,3.015,0.1,1448251438
64518395,BTC-E,ltc_eur,ltc_eur,bid,3.015,0.1,1448251365
64518394,BTC-E,ltc_eur,ltc_eur,bid,3.015,0.1,1448251365
64518325,BTC-E,ltc_eur,ltc_eur,ask,2.989,0.1,1448251277
64518320,BTC-E,ltc_eur,ltc_eur,ask,2.99,0.662,1448251275
64518319,BTC-E,ltc_eur,ltc_eur,ask,2.99,0.508,1448251275
64518318,BTC-E,ltc_eur,ltc_eur,ask,2.99,0.1,1448251275
64518317,BTC-E,ltc_eur,ltc_eur,ask,2.99,0.288,1448251275
64518316,BTC-E,ltc_eur,ltc_eur,ask,2.99,0.373,1448251275
64517939,BTC-E,ltc_eur,ltc_eur,bid,3.014,0.2,1448250607
64517938,BTC-E,ltc_eur,ltc_eur,bid,3.014,0.1,1448250607
64517788,BTC-E,ltc_eur,ltc_eur,bid,3.015,0.1,1448249740
64517787,BTC-E,ltc_eur,ltc_eur,bid,3.015,0.1,1448249740
64517640,BTC-E,ltc_eur,ltc_eur,bid,3.013,0.1,1448249513
64517245,BTC-E,ltc_eur,ltc_eur,bid,3.015,0.1,1448248748
64517240,BTC-E,ltc_eur,ltc_eur,bid,3.015,0.2,1448248671
64517239,BTC-E,ltc_eur,ltc_eur,bid,3.015,0.1,1448248671
64517238,BTC-E,ltc_eur,ltc_eur,bid,3.015,0.1,1448248671
64517212,BTC-E,ltc_eur,ltc_eur,bid,3.015,0.2,1448248595
64517211,BTC-E,ltc_eur,ltc_eur,bid,3.015,0.1,1448248595
64517210,BTC-E,ltc_eur,ltc_eur,bid,3.015,0.1,1448248595
64517208,BTC-E,ltc_eur,ltc_eur,bid,3.015,0.2,1448248518
64517207,BTC-E,ltc_eur,ltc_eur,bid,3.015,0.1,1448248518
64517206,BTC-E,ltc_eur,ltc_eur,bid,3.015,0.1,1448248518
64517200,BTC-E,ltc_eur,ltc_eur,bid,3.015,0.2,1448248440
64517199,BTC-E,ltc_eur,ltc_eur,bid,3.015,0.1,1448248440
64517198,BTC-E,ltc_eur,ltc_eur,bid,3.015,0.1,1448248440
64517187,BTC-E,ltc_eur,ltc_eur,bid,3.015,0.469,1448248361
64517043,BTC-E,ltc_eur,ltc_eur,ask,2.993,0.1,1448247952
64516953,BTC-E,ltc_eur,ltc_eur,ask,2.995,0.2,1448247387
64516868,BTC-E,ltc_eur,ltc_eur,bid,3.015,0.1,1448246254
64516859,BTC-E,ltc_eur,ltc_eur,bid,3.015,0.144,1448246175
64516811,BTC-E,ltc_eur,ltc_eur,bid,3.005,0.120169,1448245767
64516715,BTC-E,ltc_eur,ltc_eur,ask,2.992,0.1,1448245016
64516587,BTC-E,ltc_eur,ltc_eur,ask,2.993,0.1,1448244599
64516472,BTC-E,ltc_eur,ltc_eur,ask,2.993,0.1,1448244026
64516471,BTC-E,ltc_eur,ltc_eur,ask,2.993,0.1,1448244026
64516406,BTC-E,ltc_eur,ltc_eur,ask,2.993,0.1,1448243605
64516405,BTC-E,ltc_eur,ltc_eur,ask,2.993,0.1,1448243605
64516337,BTC-E,ltc_eur,ltc_eur,ask,2.993,0.2,1448242930
64516336,BTC-E,ltc_eur,ltc_eur,ask,2.993,0.1,1448242930
64516335,BTC-E,ltc_eur,ltc_eur,ask,2.993,0.1,1448242930
64515919,BTC-E,ltc_eur,ltc_eur,bid,3.02,0.1,1448242117
64515918,BTC-E,ltc_eur,ltc_eur,bid,3.02,0.1,1448242117
64515900,BTC-E,ltc_eur,ltc_eur,bid,3.02,0.1,1448242039
64515899,BTC-E,ltc_eur,ltc_eur,bid,3.02,0.1,1448242039
64515853,BTC-E,ltc_eur,ltc_eur,bid,3.02,0.1,1448241959
64515852,BTC-E,ltc_eur,ltc_eur,bid,3.02,0.1,1448241959
64515531,BTC-E,ltc_eur,ltc_eur,bid,3.02,0.469,1448241460
64515493,BTC-E,ltc_eur,ltc_eur,bid,2.993,38.699,1448241318
64515492,BTC-E,ltc_eur,ltc_eur,ask,2.993,0.938,1448241318
64515213,BTC-E,ltc_eur,ltc_eur,ask,2.995,0.1,1448239596
64515212,BTC-E,ltc_eur,ltc_eur,ask,2.996,0.2,1448239594
64515211,BTC-E,ltc_eur,ltc_eur,ask,2.996,0.1,1448239594
64515210,BTC-E,ltc_eur,ltc_eur,ask,2.996,0.1,1448239594
64514746,BTC-E,ltc_eur,ltc_eur,ask,2.996,0.2,1448238346
64514745,BTC-E,ltc_eur,ltc_eur,ask,2.996,0.1,1448238346
64514744,BTC-E,ltc_eur,ltc_eur,ask,2.996,0.1,1448238346
64514378,BTC-E,ltc_eur,ltc_eur,bid,3.019,0.1,1448237536
64514377,BTC-E,ltc_eur,ltc_eur,bid,3.018,0.1,1448237534
64514376,BTC-E,ltc_eur,ltc_eur,bid,3.018,0.1,1448237534
64514189,BTC-E,ltc_eur,ltc_eur,bid,3.018,0.111,1448236671
64519659,BTC-E,ppc_btc,ppc_btc,bid,0.00118,16.7857,1448257688
64519614,BTC-E,ppc_btc,ppc_btc,bid,0.00118,0.165424,1448257385
64519528,BTC-E,ppc_btc,ppc_btc,ask,0.00117,4.85338,1448256589
64519327,BTC-E,ppc_btc,ppc_btc,ask,0.00117,6.91195,1448255854
64519100,BTC-E,ppc_btc,ppc_btc,ask,0.00117,4.46938,1448254560
64518822,BTC-E,ppc_btc,ppc_btc,bid,0.00118,0.419642,1448253299
64518689,BTC-E,ppc_btc,ppc_btc,ask,0.00117,21.3328,1448252443
64518657,BTC-E,ppc_btc,ppc_btc,ask,0.00117,339.0,1448252190
64517973,BTC-E,ppc_btc,ppc_btc,ask,0.00117,5.04527,1448250821
64517369,BTC-E,ppc_btc,ppc_btc,ask,0.00117,0.132734,1448249142
64517266,BTC-E,ppc_btc,ppc_btc,ask,0.00117,14.2155,1448248890
64517253,BTC-E,ppc_btc,ppc_btc,ask,0.00117,1.73177,1448248854
64516893,BTC-E,ppc_btc,ppc_btc,bid,0.00118,100.21,1448246750
64516771,BTC-E,ppc_btc,ppc_btc,ask,0.00117,0.741669,1448245430
64516544,BTC-E,ppc_btc,ppc_btc,ask,0.00117,4.87561,1448244473
64516202,BTC-E,ppc_btc,ppc_btc,ask,0.00117,7.5963,1448242615
64515873,BTC-E,ppc_btc,ppc_btc,ask,0.00117,3.40927,1448241990
64515419,BTC-E,ppc_btc,ppc_btc,ask,0.00117,6.78287,1448240770
64515208,BTC-E,ppc_btc,ppc_btc,ask,0.00117,7.1347,1448239563
64515077,BTC-E,ppc_btc,ppc_btc,ask,0.00117,6.88288,1448239127
64514792,BTC-E,ppc_btc,ppc_btc,ask,0.00117,10.2328,1448238415
64514784,BTC-E,ppc_btc,ppc_btc,bid,0.00117,366.794,1448238413
64514783,BTC-E,ppc_btc,ppc_btc,bid,0.00117,1.70099,1448238413
64514782,BTC-E,ppc_btc,ppc_btc,bid,0.00117,0.101218,1448238413
64514781,BTC-E,ppc_btc,ppc_btc,bid,0.00117,15.0,1448238413
64514780,BTC-E,ppc_btc,ppc_btc,bid,0.00117,54.8139,1448238413
64514779,BTC-E,ppc_btc,ppc_btc,bid,0.00117,623.177,1448238413
64514778,BTC-E,ppc_btc,ppc_btc,bid,0.00117,7.88416,1448238413
64514777,BTC-E,ppc_btc,ppc_btc,bid,0.00117,56.23,1448238413
64514776,BTC-E,ppc_btc,ppc_btc,bid,0.00117,199.2,1448238413
64514775,BTC-E,ppc_btc,ppc_btc,bid,0.00117,6.49129,1448238413
64514774,BTC-E,ppc_btc,ppc_btc,bid,0.00117,258.149,1448238413
64514635,BTC-E,ppc_btc,ppc_btc,ask,0.00116,100.0,1448238144
64514438,BTC-E,ppc_btc,ppc_btc,ask,0.00116,5.26961,1448237815
64514295,BTC-E,ppc_btc,ppc_btc,ask,0.00116,100.0,1448237278
64514289,BTC-E,ppc_btc,ppc_btc,ask,0.00116,8.60966,1448237204
64513843,BTC-E,ppc_btc,ppc_btc,ask,0.00116,5.03823,1448235706
64513323,BTC-E,ppc_btc,ppc_btc,ask,0.00116,7.00086,1448233783
64513022,BTC-E,ppc_btc,ppc_btc,ask,0.00116,4.83946,1448232026
64512660,BTC-E,ppc_btc,ppc_btc,ask,0.00116,4.58948,1448230404
64512449,BTC-E,ppc_btc,ppc_btc,ask,0.00116,1.70375,1448229641
64512411,BTC-E,ppc_btc,ppc_btc,bid,0.00117,0.966701,1448229626
64512127,BTC-E,ppc_btc,ppc_btc,ask,0.00116,5.53748,1448228640
64512111,BTC-E,ppc_btc,ppc_btc,ask,0.00116,20.7003,1448228609
64511760,BTC-E,ppc_btc,ppc_btc,ask,0.00116,4.9984,1448227548
64511375,BTC-E,ppc_btc,ppc_btc,ask,0.00116,20.9737,1448225800
64511331,BTC-E,ppc_btc,ppc_btc,ask,0.00116,70.5462,1448225550
64511147,BTC-E,ppc_btc,ppc_btc,bid,0.00117,8.84864,1448225195
64510866,BTC-E,ppc_btc,ppc_btc,bid,0.00116,1.88931,1448224376
64510739,BTC-E,ppc_btc,ppc_btc,ask,0.00115,107.082,1448223792
64510726,BTC-E,ppc_btc,ppc_btc,bid,0.00116,0.219217,1448223688
64510725,BTC-E,ppc_btc,ppc_btc,ask,0.00116,0.02,1448223683
64510380,BTC-E,ppc_btc,ppc_btc,bid,0.00117,20.986,1448222767
64510075,BTC-E,ppc_btc,ppc_btc,ask,0.00116,0.1,1448222274
64510060,BTC-E,ppc_btc,ppc_btc,ask,0.00116,0.1,1448222215
64510056,BTC-E,ppc_btc,ppc_btc,ask,0.00116,0.1,1448222169
64510029,BTC-E,ppc_btc,ppc_btc,bid,0.00117,0.5,1448222107
64509920,BTC-E,ppc_btc,ppc_btc,ask,0.00115,220.595,1448221768
64509919,BTC-E,ppc_btc,ppc_btc,ask,0.00115,44.4564,1448221768
64509696,BTC-E,ppc_btc,ppc_btc,ask,0.00115,0.99,1448221177
64509598,BTC-E,ppc_btc,ppc_btc,bid,0.00116,0.7984,1448220882
64509472,BTC-E,ppc_btc,ppc_btc,bid,0.00117,0.8,1448220807
64509317,BTC-E,ppc_btc,ppc_btc,bid,0.00117,4.33428,1448220648
64508394,BTC-E,ppc_btc,ppc_btc,bid,0.00116,21.0478,1448217860
64508377,BTC-E,ppc_btc,ppc_btc,bid,0.00116,4.76174,1448217813
64508241,BTC-E,ppc_btc,ppc_btc,bid,0.00116,20.02,1448217154
64508172,BTC-E,ppc_btc,ppc_btc,bid,0.00116,40.04,1448217046
64508131,BTC-E,ppc_btc,ppc_btc,bid,0.00116,5.45518,1448216989
64508022,BTC-E,ppc_btc,ppc_btc,bid,0.00116,0.845146,1448216052
64507757,BTC-E,ppc_btc,ppc_btc,bid,0.00116,7.997,1448215277
64507571,BTC-E,ppc_btc,ppc_btc,bid,0.00117,7.68423,1448214329
64506530,BTC-E,ppc_btc,ppc_btc,bid,0.00117,399.234,1448210125
64506375,BTC-E,ppc_btc,ppc_btc,ask,0.00115,8.20857,1448209420
64505929,BTC-E,ppc_btc,ppc_btc,bid,0.00117,8.24968,1448207817
64505361,BTC-E,ppc_btc,ppc_btc,bid,0.00116,12.8403,1448205884
64505155,BTC-E,ppc_btc,ppc_btc,ask,0.00115,0.471534,1448205032
64505028,BTC-E,ppc_btc,ppc_btc,ask,0.00116,1.70099,1448204507
64504525,BTC-E,ppc_btc,ppc_btc,bid,0.00117,2.51832,1448202551
64504524,BTC-E,ppc_btc,ppc_btc,bid,0.00117,1.1664,1448202551
64504523,BTC-E,ppc_btc,ppc_btc,bid,0.00117,1.44868,1448202551
64504522,BTC-E,ppc_btc,ppc_btc,bid,0.00117,1.27338,1448202551
64504521,BTC-E,ppc_btc,ppc_btc,bid,0.00117,1.59322,1448202551
64504230,BTC-E,ppc_btc,ppc_btc,bid,0.00116,7.9E-6,1448201786
64504227,BTC-E,ppc_btc,ppc_btc,bid,0.00116,59.3538,1448201784
64503700,BTC-E,ppc_btc,ppc_btc,bid,0.00116,6.69412,1448200828
64503693,BTC-E,ppc_btc,ppc_btc,bid,0.00116,2.91744,1448200779
64503665,BTC-E,ppc_btc,ppc_btc,bid,0.00116,6.42711,1448200748
64503631,BTC-E,ppc_btc,ppc_btc,bid,0.00116,7.20133,1448200667
64503547,BTC-E,ppc_btc,ppc_btc,bid,0.00116,4.48937,1448200590
64503537,BTC-E,ppc_btc,ppc_btc,ask,0.00115,8.75275,1448200565
64503510,BTC-E,ppc_btc,ppc_btc,bid,0.00116,7.06861,1448200508
64503478,BTC-E,ppc_btc,ppc_btc,bid,0.00116,5.8482,1448200430
64502875,BTC-E,ppc_btc,ppc_btc,bid,0.00117,0.1,1448198258
64502776,BTC-E,ppc_btc,ppc_btc,bid,0.00116,3.31E-6,1448197755
64502774,BTC-E,ppc_btc,ppc_btc,bid,0.00116,107.501,1448197751
64502649,BTC-E,ppc_btc,ppc_btc,bid,0.00116,59.6977,1448197450
64502648,BTC-E,ppc_btc,ppc_btc,bid,0.00116,9.83755,1448197450
64502646,BTC-E,ppc_btc,ppc_btc,bid,0.00116,15.0222,1448197450
64501962,BTC-E,ppc_btc,ppc_btc,bid,0.00116,6.87413,1448194878
64501711,BTC-E,ppc_btc,ppc_btc,ask,0.00115,42.6842,1448194091
64501710,BTC-E,ppc_btc,ppc_btc,ask,0.00115,188.305,1448194091
64501709,BTC-E,ppc_btc,ppc_btc,ask,0.00115,1.01059,1448194091
64501581,BTC-E,ppc_btc,ppc_btc,bid,0.00116,247.247,1448193691
64501408,BTC-E,ppc_btc,ppc_btc,bid,0.00116,27.456,1448193329
64501384,BTC-E,ppc_btc,ppc_btc,ask,0.00116,190.617,1448193276
64501383,BTC-E,ppc_btc,ppc_btc,ask,0.00116,31.115,1448193276
64499795,BTC-E,ppc_btc,ppc_btc,bid,0.00116,0.101218,1448192707
64499794,BTC-E,ppc_btc,ppc_btc,bid,0.00116,13.0,1448192707
64499793,BTC-E,ppc_btc,ppc_btc,bid,0.00116,1.78081,1448192707
64499792,BTC-E,ppc_btc,ppc_btc,bid,0.00116,226.288,1448192707
64499646,BTC-E,ppc_btc,ppc_btc,bid,0.00116,92.4094,1448192688
64499033,BTC-E,ppc_btc,ppc_btc,bid,0.00116,146.503,1448192570
64498998,BTC-E,ppc_btc,ppc_btc,bid,0.00116,146.503,1448192569
64498601,BTC-E,ppc_btc,ppc_btc,bid,0.00116,4.86542,1448192399
64498293,BTC-E,ppc_btc,ppc_btc,ask,0.00115,30.0,1448190445
64498195,BTC-E,ppc_btc,ppc_btc,ask,0.00115,1.14318,1448189961
64498030,BTC-E,ppc_btc,ppc_btc,ask,0.00115,0.121177,1448188940
64497945,BTC-E,ppc_btc,ppc_btc,ask,0.00115,2.00598,1448188721
64497939,BTC-E,ppc_btc,ppc_btc,bid,0.00116,2.88949,1448188680
64497904,BTC-E,ppc_btc,ppc_btc,ask,0.00115,0.99,1448188506
64497831,BTC-E,ppc_btc,ppc_btc,ask,0.00115,1.12357,1448188436
64497731,BTC-E,ppc_btc,ppc_btc,ask,0.00115,45.0,1448188054
64497699,BTC-E,ppc_btc,ppc_btc,bid,0.00116,5.38673,1448187860
64497355,BTC-E,ppc_btc,ppc_btc,bid,0.00116,7.75671,1448186997
64497259,BTC-E,ppc_btc,ppc_btc,bid,0.00116,8.47537,1448186119
64497104,BTC-E,ppc_btc,ppc_btc,bid,0.00116,0.399724,1448184385
64497014,BTC-E,ppc_btc,ppc_btc,bid,0.00116,5.4076,1448184015
64496893,BTC-E,ppc_btc,ppc_btc,bid,0.00116,6.05055,1448182878
64496817,BTC-E,ppc_btc,ppc_btc,bid,0.00116,0.207367,1448182421
64496802,BTC-E,ppc_btc,ppc_btc,ask,0.00115,14.3777,1448182293
64496801,BTC-E,ppc_btc,ppc_btc,ask,0.00115,1.78081,1448182293
64496790,BTC-E,ppc_btc,ppc_btc,bid,0.00116,6.25756,1448182145
64496242,BTC-E,ppc_btc,ppc_btc,bid,0.00116,5.096,1448180262
64496169,BTC-E,ppc_btc,ppc_btc,bid,0.00116,4.89775,1448179399
64496016,BTC-E,ppc_btc,ppc_btc,bid,0.00116,5.46999,1448178028
64495963,BTC-E,ppc_btc,ppc_btc,bid,0.00116,5.00061,1448177082
64495628,BTC-E,ppc_btc,ppc_btc,bid,0.00116,5.76353,1448175254
64495384,BTC-E,ppc_btc,ppc_btc,bid,0.00116,181.872,1448172961
64495381,BTC-E,ppc_btc,ppc_btc,bid,0.00116,85.2991,1448172961
64495376,BTC-E,ppc_btc,ppc_btc,bid,0.00116,98.2674,1448172961
64495047,BTC-E,ppc_btc,ppc_btc,bid,0.00116,5.8501,1448171754
64494764,BTC-E,ppc_btc,ppc_btc,bid,0.00116,0.1712,1448169945
64494721,BTC-E,ppc_btc,ppc_btc,bid,0.00116,0.1141,1448169877
64494706,BTC-E,ppc_btc,ppc_btc,bid,0.00116,0.1373,1448169706
64494692,BTC-E,ppc_btc,ppc_btc,bid,0.00116,0.1795,1448169569
64494674,BTC-E,ppc_btc,ppc_btc,bid,0.00116,0.1436,1448169534
64494644,BTC-E,ppc_btc,ppc_btc,bid,0.00116,0.3577,1448169465
64494588,BTC-E,ppc_btc,ppc_btc,bid,0.00116,0.4401,1448169323
64494508,BTC-E,ppc_btc,ppc_btc,bid,0.00116,21.1599,1448169101
64494475,BTC-E,ppc_btc,ppc_btc,bid,0.00116,0.1399,1448168977
64519911,BTC-E,ltc_usd,ltc_usd,bid,3.09686,0.1053,1448258753
64519906,BTC-E,ltc_usd,ltc_usd,bid,3.0972,0.1053,1448258698
64519900,BTC-E,ltc_usd,ltc_usd,ask,3.08883,10.2749,1448258667
64519899,BTC-E,ltc_usd,ltc_usd,ask,3.09054,0.106091,1448258667
64519898,BTC-E,ltc_usd,ltc_usd,ask,3.091,0.1048,1448258667
64519897,BTC-E,ltc_usd,ltc_usd,ask,3.094,0.1,1448258667
64519896,BTC-E,ltc_usd,ltc_usd,ask,3.09685,0.104299,1448258667
64519895,BTC-E,ltc_usd,ltc_usd,ask,3.09705,0.1053,1448258667
64519894,BTC-E,ltc_usd,ltc_usd,ask,3.09908,0.1038,1448258667
64519890,BTC-E,ltc_usd,ltc_usd,bid,3.10028,0.1053,1448258643
64519875,BTC-E,ltc_usd,ltc_usd,bid,3.1098,15.0362,1448258413
64519874,BTC-E,ltc_usd,ltc_usd,bid,3.10979,0.1035,1448258413
64519873,BTC-E,ltc_usd,ltc_usd,bid,3.10832,0.1018,1448258413
64519872,BTC-E,ltc_usd,ltc_usd,bid,3.10819,0.1035,1448258413
64519871,BTC-E,ltc_usd,ltc_usd,bid,3.108,0.1,1448258413
64519870,BTC-E,ltc_usd,ltc_usd,bid,3.10771,0.1,1448258413
64519861,BTC-E,ltc_usd,ltc_usd,bid,3.107,0.1,1448258391
64519860,BTC-E,ltc_usd,ltc_usd,bid,3.107,15.273,1448258391
64519855,BTC-E,ltc_usd,ltc_usd,bid,3.103,0.25,1448258389
64519854,BTC-E,ltc_usd,ltc_usd,bid,3.10133,0.0053,1448258389
64519850,BTC-E,ltc_usd,ltc_usd,bid,3.09789,0.1053,1448258358
64519834,BTC-E,ltc_usd,ltc_usd,bid,3.10133,0.1,1448258288
64519820,BTC-E,ltc_usd,ltc_usd,ask,3.08583,0.0135299,1448258264
64519819,BTC-E,ltc_usd,ltc_usd,ask,3.0923,0.102453,1448258264
64519814,BTC-E,ltc_usd,ltc_usd,ask,3.08583,2.20745,1448258221
64519813,BTC-E,ltc_usd,ltc_usd,ask,3.08662,0.106091,1448258221
64519812,BTC-E,ltc_usd,ltc_usd,ask,3.08717,0.106091,1448258221
64519811,BTC-E,ltc_usd,ltc_usd,ask,3.0877,0.106091,1448258221
64519810,BTC-E,ltc_usd,ltc_usd,ask,3.08782,0.105501,1448258221
64519809,BTC-E,ltc_usd,ltc_usd,ask,3.08822,0.1046,1448258221
64519808,BTC-E,ltc_usd,ltc_usd,ask,3.08823,0.106091,1448258221
64519807,BTC-E,ltc_usd,ltc_usd,ask,3.0887,0.106091,1448258221
64519806,BTC-E,ltc_usd,ltc_usd,ask,3.089,0.1,1448258221
64519805,BTC-E,ltc_usd,ltc_usd,ask,3.08906,0.102453,1448258221
64519804,BTC-E,ltc_usd,ltc_usd,ask,3.08908,0.106091,1448258221
64519803,BTC-E,ltc_usd,ltc_usd,ask,3.08957,0.106091,1448258221
64519802,BTC-E,ltc_usd,ltc_usd,ask,3.08998,0.104299,1448258221
64519801,BTC-E,ltc_usd,ltc_usd,ask,3.09104,0.1053,1448258221
64519800,BTC-E,ltc_usd,ltc_usd,ask,3.09141,0.102453,1448258221
64519799,BTC-E,ltc_usd,ltc_usd,ask,3.09291,0.1046,1448258221
64519798,BTC-E,ltc_usd,ltc_usd,ask,3.09305,0.102453,1448258221
64519797,BTC-E,ltc_usd,ltc_usd,ask,3.09459,0.102453,1448258221
64519796,BTC-E,ltc_usd,ltc_usd,ask,3.09611,0.104299,1448258221
64519795,BTC-E,ltc_usd,ltc_usd,ask,3.09627,0.1046,1448258221
64519794,BTC-E,ltc_usd,ltc_usd,ask,3.09739,0.104306,1448258221
64519793,BTC-E,ltc_usd,ltc_usd,ask,3.09841,0.1038,1448258221
64519763,BTC-E,ltc_usd,ltc_usd,bid,3.10036,0.1053,1448258071
64519762,BTC-E,ltc_usd,ltc_usd,bid,3.10036,0.1046,1448258071
64519682,BTC-E,ltc_usd,ltc_usd,bid,3.09971,0.1018,1448257862
64519678,BTC-E,ltc_usd,ltc_usd,ask,3.09971,49.751,1448257824
64519670,BTC-E,ltc_usd,ltc_usd,ask,3.09971,49.751,1448257786
64519666,BTC-E,ltc_usd,ltc_usd,bid,3.09971,49.751,1448257766
64519665,BTC-E,ltc_usd,ltc_usd,ask,3.09971,48.476,1448257751
64519662,BTC-E,ltc_usd,ltc_usd,ask,3.09971,197.102,1448257742
64519621,BTC-E,ltc_usd,ltc_usd,bid,3.10046,0.1018,1448257399
64519620,BTC-E,ltc_usd,ltc_usd,bid,3.09978,0.1018,1448257399
64519619,BTC-E,ltc_usd,ltc_usd,bid,3.09978,0.1046,1448257397
64519618,BTC-E,ltc_usd,ltc_usd,bid,3.09932,0.1038,1448257397
64519616,BTC-E,ltc_usd,ltc_usd,bid,3.09902,0.1053,1448257396
64519615,BTC-E,ltc_usd,ltc_usd,bid,3.09882,0.1018,1448257395
64519603,BTC-E,ltc_usd,ltc_usd,ask,3.09739,2.9443E-4,1448257298
64519602,BTC-E,ltc_usd,ltc_usd,ask,3.09871,0.1048,1448257298
64519596,BTC-E,ltc_usd,ltc_usd,bid,3.09987,2.3394,1448257206
64519595,BTC-E,ltc_usd,ltc_usd,bid,3.09987,0.1053,1448257206
64519594,BTC-E,ltc_usd,ltc_usd,bid,3.09948,0.1053,1448257206
64519589,BTC-E,ltc_usd,ltc_usd,ask,3.09987,49.727,1448257138
64519575,BTC-E,ltc_usd,ltc_usd,bid,3.1033,9.4231,1448257033
64519574,BTC-E,ltc_usd,ltc_usd,bid,3.103,0.3363,1448257033
64519573,BTC-E,ltc_usd,ltc_usd,bid,3.09964,0.1046,1448257033
64519570,BTC-E,ltc_usd,ltc_usd,bid,3.09964,22.069,1448257027
64519569,BTC-E,ltc_usd,ltc_usd,bid,3.09964,16.178,1448257009
64519568,BTC-E,ltc_usd,ltc_usd,ask,3.09964,1.01,1448257000
64519563,BTC-E,ltc_usd,ltc_usd,bid,3.09964,49.776,1448256922
64519558,BTC-E,ltc_usd,ltc_usd,bid,3.09964,49.776,1448256910
64519555,BTC-E,ltc_usd,ltc_usd,ask,3.09964,49.6707,1448256899
64519554,BTC-E,ltc_usd,ltc_usd,bid,3.09795,0.1053,1448256897
64519548,BTC-E,ltc_usd,ltc_usd,bid,3.0974,0.1053,1448256886
64519546,BTC-E,ltc_usd,ltc_usd,bid,3.09646,0.1053,1448256846
64519544,BTC-E,ltc_usd,ltc_usd,bid,3.09646,0.1018,1448256828
64519537,BTC-E,ltc_usd,ltc_usd,bid,3.09667,0.1046,1448256732
64519532,BTC-E,ltc_usd,ltc_usd,bid,3.09667,1.151,1448256602
64519525,BTC-E,ltc_usd,ltc_usd,bid,3.09244,0.1038,1448256586
64519524,BTC-E,ltc_usd,ltc_usd,bid,3.09667,1.0,1448256581
64519513,BTC-E,ltc_usd,ltc_usd,bid,3.103,0.9,1448256562
64519512,BTC-E,ltc_usd,ltc_usd,bid,3.101,0.1,1448256562
64519462,BTC-E,ltc_usd,ltc_usd,ask,3.084,767.987,1448256556
64519461,BTC-E,ltc_usd,ltc_usd,ask,3.084,473.036,1448256556
64519458,BTC-E,ltc_usd,ltc_usd,bid,3.103,24.9837,1448256546
64519457,BTC-E,ltc_usd,ltc_usd,bid,3.102,0.1018,1448256546
64519456,BTC-E,ltc_usd,ltc_usd,bid,3.102,0.1046,1448256546
64519455,BTC-E,ltc_usd,ltc_usd,bid,3.101,0.1,1448256546
64519454,BTC-E,ltc_usd,ltc_usd,bid,3.10033,0.1035,1448256546
64519453,BTC-E,ltc_usd,ltc_usd,bid,3.1,0.1,1448256546
64519452,BTC-E,ltc_usd,ltc_usd,bid,3.1,0.1,1448256546
64519451,BTC-E,ltc_usd,ltc_usd,bid,3.09922,0.1046,1448256546
64519450,BTC-E,ltc_usd,ltc_usd,bid,3.09873,0.1035,1448256546
64519449,BTC-E,ltc_usd,ltc_usd,bid,3.09873,0.1046,1448256546
64519448,BTC-E,ltc_usd,ltc_usd,bid,3.09858,0.1038,1448256546
64519447,BTC-E,ltc_usd,ltc_usd,bid,3.09848,0.1053,1448256546
64519446,BTC-E,ltc_usd,ltc_usd,bid,3.09826,0.1046,1448256546
64519445,BTC-E,ltc_usd,ltc_usd,ask,3.084,0.00813783,1448256544
64519444,BTC-E,ltc_usd,ltc_usd,ask,3.09797,0.1038,1448256544
64519414,BTC-E,ltc_usd,ltc_usd,ask,3.084,96.3071,1448256468
64519413,BTC-E,ltc_usd,ltc_usd,ask,3.08444,0.106091,1448256468
64519412,BTC-E,ltc_usd,ltc_usd,ask,3.08482,0.106091,1448256468
64519411,BTC-E,ltc_usd,ltc_usd,ask,3.08533,0.106091,1448256468
64519410,BTC-E,ltc_usd,ltc_usd,ask,3.08564,0.106091,1448256468
64519409,BTC-E,ltc_usd,ltc_usd,ask,3.0858,0.1046,1448256468
64519408,BTC-E,ltc_usd,ltc_usd,ask,3.0864,0.102453,1448256468
64519407,BTC-E,ltc_usd,ltc_usd,ask,3.08646,0.1035,1448256468
64519406,BTC-E,ltc_usd,ltc_usd,ask,3.08673,0.102453,1448256468
64519405,BTC-E,ltc_usd,ltc_usd,ask,3.08707,0.102453,1448256468
64519404,BTC-E,ltc_usd,ltc_usd,ask,3.08708,0.106091,1448256468
64519403,BTC-E,ltc_usd,ltc_usd,ask,3.08776,0.102453,1448256468
64519402,BTC-E,ltc_usd,ltc_usd,ask,3.08869,0.102453,1448256468
64519401,BTC-E,ltc_usd,ltc_usd,ask,3.08902,0.102453,1448256468
64519400,BTC-E,ltc_usd,ltc_usd,ask,3.08951,0.1053,1448256468
64519399,BTC-E,ltc_usd,ltc_usd,ask,3.09033,0.102453,1448256468
64519398,BTC-E,ltc_usd,ltc_usd,ask,3.0915,0.103993,1448256468
64519397,BTC-E,ltc_usd,ltc_usd,ask,3.09188,0.104299,1448256468
64519396,BTC-E,ltc_usd,ltc_usd,ask,3.09273,0.103993,1448256468
64519395,BTC-E,ltc_usd,ltc_usd,ask,3.09337,0.103993,1448256468
64519394,BTC-E,ltc_usd,ltc_usd,ask,3.09363,0.104299,1448256468
64519393,BTC-E,ltc_usd,ltc_usd,ask,3.09373,0.103993,1448256468
64519392,BTC-E,ltc_usd,ltc_usd,ask,3.09381,0.190843,1448256468
64519391,BTC-E,ltc_usd,ltc_usd,ask,3.09516,1.31548,1448256468
64519390,BTC-E,ltc_usd,ltc_usd,ask,3.09746,4.0E-4,1448256468
64519389,BTC-E,ltc_usd,ltc_usd,ask,3.09773,2.0E-4,1448256468
64519388,BTC-E,ltc_usd,ltc_usd,ask,3.09782,4.0E-4,1448256468
64519379,BTC-E,ltc_usd,ltc_usd,bid,3.09787,0.1053,1448256329
64519351,BTC-E,ltc_usd,ltc_usd,bid,3.09782,0.1096,1448256102
64519350,BTC-E,ltc_usd,ltc_usd,ask,3.09782,4.0E-4,1448256098
64519341,BTC-E,ltc_usd,ltc_usd,bid,3.09782,0.1046,1448256061
64519336,BTC-E,ltc_usd,ltc_usd,bid,3.09773,0.1018,1448255975
64519328,BTC-E,ltc_usd,ltc_usd,bid,3.09746,0.1046,1448255857
64519325,BTC-E,ltc_usd,ltc_usd,ask,3.09516,39.8945,1448255823
64519324,BTC-E,ltc_usd,ltc_usd,ask,3.09642,2.0E-4,1448255823
64519323,BTC-E,ltc_usd,ltc_usd,ask,3.09663,0.1053,1448255823
64519315,BTC-E,ltc_usd,ltc_usd,bid,3.09706,0.1046,1448255746
64519308,BTC-E,ltc_usd,ltc_usd,bid,3.09642,0.1018,1448255717
64519243,BTC-E,ltc_usd,ltc_usd,bid,3.09642,0.1053,1448255387
64519165,BTC-E,ltc_usd,ltc_usd,ask,3.09516,0.9262,1448254953
64519164,BTC-E,ltc_usd,ltc_usd,ask,3.09558,0.1038,1448254953
64519094,BTC-E,ltc_usd,ltc_usd,ask,3.09516,5.5613,1448254510
64519093,BTC-E,ltc_usd,ltc_usd,ask,3.09558,0.1038,1448254510
64519092,BTC-E,ltc_usd,ltc_usd,ask,3.09558,0.1035,1448254510
64519091,BTC-E,ltc_usd,ltc_usd,ask,3.09614,4.0E-4,1448254510
64519090,BTC-E,ltc_usd,ltc_usd,bid,3.09614,0.1046,1448254508
64519019,BTC-E,ltc_usd,ltc_usd,ask,3.09516,3.48502,1448254119
64518988,BTC-E,ltc_usd,ltc_usd,ask,3.09516,49.8084,1448254079
64519733,BTC-E,usd_rur,usd_rur,ask,66.6001,983.246,1448258024
64519732,BTC-E,usd_rur,usd_rur,ask,66.61,10.02,1448258024
64519731,BTC-E,usd_rur,usd_rur,ask,66.62,434.654,1448258024
64519730,BTC-E,usd_rur,usd_rur,ask,66.62,3.01777,1448258024
64519729,BTC-E,usd_rur,usd_rur,ask,66.62,553.153,1448258024
64519728,BTC-E,usd_rur,usd_rur,ask,66.6418,0.22638,1448258024
64519727,BTC-E,usd_rur,usd_rur,ask,66.6645,0.22638,1448258024
64519726,BTC-E,usd_rur,usd_rur,ask,66.6853,0.24838,1448258024
64519725,BTC-E,usd_rur,usd_rur,ask,66.7,15.2781,1448258024
64519724,BTC-E,usd_rur,usd_rur,ask,66.709,0.22638,1448258024
64519723,BTC-E,usd_rur,usd_rur,ask,66.7178,0.24838,1448258024
64519722,BTC-E,usd_rur,usd_rur,ask,66.7178,0.10034,1448258024
64519719,BTC-E,usd_rur,usd_rur,ask,66.7264,0.24768,1448257993
64519622,BTC-E,usd_rur,usd_rur,bid,67.1489,3.0,1448257410
64519617,BTC-E,usd_rur,usd_rur,bid,67.1489,0.1,1448257396
64519535,BTC-E,usd_rur,usd_rur,ask,66.7178,0.101678,1448256634
64519349,BTC-E,usd_rur,usd_rur,bid,67.1489,0.1,1448256079
64519278,BTC-E,usd_rur,usd_rur,ask,66.709,0.192966,1448255574
64519185,BTC-E,usd_rur,usd_rur,bid,67.1489,0.1,1448255076
64519068,BTC-E,usd_rur,usd_rur,bid,66.7,80.3453,1448254272
64519064,BTC-E,usd_rur,usd_rur,ask,66.7,68.2549,1448254272
64519063,BTC-E,usd_rur,usd_rur,ask,66.7,7.08395,1448254272
64518929,BTC-E,usd_rur,usd_rur,bid,66.7,53.8977,1448253929
64518928,BTC-E,usd_rur,usd_rur,ask,66.7,7.04229,1448253929
64518902,BTC-E,usd_rur,usd_rur,ask,66.709,0.24838,1448253618
64518717,BTC-E,usd_rur,usd_rur,ask,66.7,9.36955,1448252657
64518716,BTC-E,usd_rur,usd_rur,ask,66.7,11.9198,1448252657
64518710,BTC-E,usd_rur,usd_rur,ask,66.7,500.0,1448252624
64518676,BTC-E,usd_rur,usd_rur,ask,66.7,10.0,1448252345
64518675,BTC-E,usd_rur,usd_rur,bid,67.15,355.668,1448252316
64517948,BTC-E,usd_rur,usd_rur,ask,66.7,3.54397,1448250639
64517624,BTC-E,usd_rur,usd_rur,ask,66.7,3.8642,1448249496
64516965,BTC-E,usd_rur,usd_rur,ask,66.6522,0.24838,1448247576
64516886,BTC-E,usd_rur,usd_rur,bid,67.15,6.44373,1448246587
64516731,BTC-E,usd_rur,usd_rur,bid,67.15,5.97487,1448245081
64516442,BTC-E,usd_rur,usd_rur,bid,67.15,9.41693,1448243949
64516364,BTC-E,usd_rur,usd_rur,bid,67.15,9.95097,1448243287
64515892,BTC-E,usd_rur,usd_rur,bid,67.15,120.0,1448242001
64515490,BTC-E,usd_rur,usd_rur,ask,66.6312,0.20438,1448241313
64515363,BTC-E,usd_rur,usd_rur,bid,66.6416,194.412,1448240354
64515362,BTC-E,usd_rur,usd_rur,ask,66.6416,0.22638,1448240353
64515209,BTC-E,usd_rur,usd_rur,bid,67.14,0.252852,1448239567
64514926,BTC-E,usd_rur,usd_rur,bid,67.14,8.19827,1448238778
64514363,BTC-E,usd_rur,usd_rur,ask,66.6374,0.24838,1448237467
64513945,BTC-E,usd_rur,usd_rur,bid,66.6447,0.594927,1448236246
64513944,BTC-E,usd_rur,usd_rur,ask,66.6447,0.24838,1448236246
64513774,BTC-E,usd_rur,usd_rur,bid,67.0,439.095,1448235544
64513754,BTC-E,usd_rur,usd_rur,bid,67.0,5.75883,1448235375
64513593,BTC-E,usd_rur,usd_rur,ask,66.6447,50.0,1448234736
64513310,BTC-E,usd_rur,usd_rur,bid,66.6374,590.343,1448233695
64513309,BTC-E,usd_rur,usd_rur,ask,66.6374,11.9351,1448233695
64513308,BTC-E,usd_rur,usd_rur,ask,66.6375,1047.72,1448233695
64513208,BTC-E,usd_rur,usd_rur,bid,66.8,2.83516,1448233149
64513207,BTC-E,usd_rur,usd_rur,ask,66.8,0.458491,1448233148
64513051,BTC-E,usd_rur,usd_rur,ask,66.63,0.1938,1448232301
64512853,BTC-E,usd_rur,usd_rur,bid,67.15,210.423,1448231133
64512711,BTC-E,usd_rur,usd_rur,bid,67.15,118.352,1448230565
64512696,BTC-E,usd_rur,usd_rur,bid,67.15,299.154,1448230510
64512694,BTC-E,usd_rur,usd_rur,bid,67.1499,0.134832,1448230510
64512693,BTC-E,usd_rur,usd_rur,bid,67.1499,95.794,1448230510
64512441,BTC-E,usd_rur,usd_rur,bid,67.15,121.455,1448229632
64512440,BTC-E,usd_rur,usd_rur,bid,67.15,3.0,1448229632
64512439,BTC-E,usd_rur,usd_rur,bid,67.15,182.065,1448229632
64512438,BTC-E,usd_rur,usd_rur,bid,67.14,9.10176,1448229632
64512437,BTC-E,usd_rur,usd_rur,bid,67.14,244.402,1448229632
64512389,BTC-E,usd_rur,usd_rur,ask,66.9,0.457684,1448229399
64512130,BTC-E,usd_rur,usd_rur,bid,67.14,60.6,1448228644
64511896,BTC-E,usd_rur,usd_rur,bid,67.1,1.85E-6,1448228240
64511769,BTC-E,usd_rur,usd_rur,bid,66.901,880.98,1448227553
64511768,BTC-E,usd_rur,usd_rur,ask,66.901,0.1,1448227553
64511767,BTC-E,usd_rur,usd_rur,ask,66.9011,217.703,1448227553
64511717,BTC-E,usd_rur,usd_rur,bid,67.1,16.7923,1448227251
64511675,BTC-E,usd_rur,usd_rur,ask,66.9004,68.9599,1448227113
64511526,BTC-E,usd_rur,usd_rur,bid,67.1,57.5365,1448226838
64511373,BTC-E,usd_rur,usd_rur,bid,67.1,5.67122,1448225789
64511105,BTC-E,usd_rur,usd_rur,ask,67.0,0.2,1448225062
64511104,BTC-E,usd_rur,usd_rur,ask,67.0,0.1,1448225062
64511103,BTC-E,usd_rur,usd_rur,ask,67.0,0.1,1448225062
64510856,BTC-E,usd_rur,usd_rur,ask,67.0,0.1,1448224305
64510855,BTC-E,usd_rur,usd_rur,ask,67.0,0.1,1448224305
64510854,BTC-E,usd_rur,usd_rur,ask,67.0,0.1,1448224305
64510738,BTC-E,usd_rur,usd_rur,ask,67.1,0.45961,1448223785
64510442,BTC-E,usd_rur,usd_rur,bid,67.14,321.526,1448222967
64510226,BTC-E,usd_rur,usd_rur,bid,67.14,2.84794,1448222589
64510146,BTC-E,usd_rur,usd_rur,bid,67.14,271.578,1448222477
64510101,BTC-E,usd_rur,usd_rur,bid,67.14,8.77732,1448222403
64510099,BTC-E,usd_rur,usd_rur,bid,67.14,4.95855,1448222397
64510093,BTC-E,usd_rur,usd_rur,bid,67.14,377.425,1448222385
64510077,BTC-E,usd_rur,usd_rur,bid,67.14,1376.15,1448222281
64510073,BTC-E,usd_rur,usd_rur,bid,67.13,344.777,1448222268
64510006,BTC-E,usd_rur,usd_rur,bid,67.14,573.345,1448221876
64510005,BTC-E,usd_rur,usd_rur,bid,67.14,61.6298,1448221876
64510004,BTC-E,usd_rur,usd_rur,bid,67.1397,12.6355,1448221876
64510002,BTC-E,usd_rur,usd_rur,bid,67.1397,147.477,1448221876
64509998,BTC-E,usd_rur,usd_rur,bid,67.1397,311.751,1448221876
64509946,BTC-E,usd_rur,usd_rur,bid,67.1397,429.491,1448221785
64509945,BTC-E,usd_rur,usd_rur,bid,67.1397,70.5431,1448221785
64509943,BTC-E,usd_rur,usd_rur,bid,67.1396,62.2331,1448221785
64509834,BTC-E,usd_rur,usd_rur,bid,67.1396,62.7547,1448221604
64509747,BTC-E,usd_rur,usd_rur,bid,67.1396,3.52649,1448221252
64509742,BTC-E,usd_rur,usd_rur,bid,67.1396,3.52742,1448221246
64509741,BTC-E,usd_rur,usd_rur,bid,67.1397,12.4893,1448221236
64509737,BTC-E,usd_rur,usd_rur,bid,67.1397,3.26147,1448221214
64509727,BTC-E,usd_rur,usd_rur,bid,67.1397,143.528,1448221214
64509724,BTC-E,usd_rur,usd_rur,bid,67.1397,55.2271,1448221214
64509693,BTC-E,usd_rur,usd_rur,bid,67.1397,4.88876,1448221152
64509679,BTC-E,usd_rur,usd_rur,bid,67.1397,132.779,1448221118
64509665,BTC-E,usd_rur,usd_rur,bid,67.1397,21.181,1448221086
64509650,BTC-E,usd_rur,usd_rur,bid,67.1397,13.2609,1448221024
64509643,BTC-E,usd_rur,usd_rur,bid,67.1397,30.9993,1448221014
64509640,BTC-E,usd_rur,usd_rur,bid,67.1397,3.53104,1448221008
64509634,BTC-E,usd_rur,usd_rur,bid,67.1397,3.528,1448220990
64509622,BTC-E,usd_rur,usd_rur,bid,67.1397,27.8956,1448220950
64509596,BTC-E,usd_rur,usd_rur,bid,67.1397,150.292,1448220879
64509593,BTC-E,usd_rur,usd_rur,bid,67.1397,1145.88,1448220879
64509590,BTC-E,usd_rur,usd_rur,bid,67.1397,193.392,1448220879
64509587,BTC-E,usd_rur,usd_rur,bid,67.1397,200.596,1448220879
64509583,BTC-E,usd_rur,usd_rur,bid,67.1397,200.596,1448220879
64509580,BTC-E,usd_rur,usd_rur,bid,67.1397,200.596,1448220879
64509578,BTC-E,usd_rur,usd_rur,bid,67.1397,200.596,1448220879
64509574,BTC-E,usd_rur,usd_rur,bid,67.1397,200.596,1448220879
64509571,BTC-E,usd_rur,usd_rur,bid,67.1397,200.596,1448220879
64509570,BTC-E,usd_rur,usd_rur,bid,67.1397,200.596,1448220879
64509556,BTC-E,usd_rur,usd_rur,bid,67.1397,390.532,1448220878
64509505,BTC-E,usd_rur,usd_rur,bid,67.1397,383.64,1448220878
64509485,BTC-E,usd_rur,usd_rur,bid,67.1397,3.52865,1448220852
64509482,BTC-E,usd_rur,usd_rur,bid,67.1396,124.169,1448220829
64509474,BTC-E,usd_rur,usd_rur,bid,67.1396,226.782,1448220818
64509473,BTC-E,usd_rur,usd_rur,bid,67.1395,59.6452,1448220817
64509469,BTC-E,usd_rur,usd_rur,bid,67.1395,5.7517,1448220802
64509465,BTC-E,usd_rur,usd_rur,bid,67.1395,137.475,1448220799
64509422,BTC-E,usd_rur,usd_rur,bid,67.1395,123.984,1448220730
64509408,BTC-E,usd_rur,usd_rur,bid,67.1395,5.75981,1448220716
64509330,BTC-E,usd_rur,usd_rur,bid,67.1395,3.2158,1448220676
64509293,BTC-E,usd_rur,usd_rur,bid,67.1396,11.0078,1448220612
64509240,BTC-E,usd_rur,usd_rur,bid,67.1396,3.70192,1448220525
64509231,BTC-E,usd_rur,usd_rur,ask,66.9032,55.0,1448220495
64509228,BTC-E,usd_rur,usd_rur,bid,67.1396,21.1416,1448220490
64509143,BTC-E,usd_rur,usd_rur,bid,67.1397,54.9498,1448219988
64509053,BTC-E,usd_rur,usd_rur,bid,67.1397,30.3604,1448219610
64509049,BTC-E,usd_rur,usd_rur,bid,66.9001,147.832,1448219568
64509022,BTC-E,usd_rur,usd_rur,bid,67.1397,321.098,1448219456
64508971,BTC-E,usd_rur,usd_rur,bid,66.9,286.663,1448219324
64508970,BTC-E,usd_rur,usd_rur,ask,66.9,0.2,1448219323
64508969,BTC-E,usd_rur,usd_rur,ask,66.9,0.1,1448219323
64508968,BTC-E,usd_rur,usd_rur,ask,66.9,0.1,1448219323
64508950,BTC-E,usd_rur,usd_rur,bid,67.1397,40.6158,1448219258
64508939,BTC-E,usd_rur,usd_rur,bid,67.1397,484.44,1448219227
64508869,BTC-E,usd_rur,usd_rur,bid,67.1397,956.225,1448219044
64508858,BTC-E,usd_rur,usd_rur,bid,67.1397,2322.23,1448218968
64519643,BTC-E,ppc_usd,ppc_usd,ask,0.374,0.10099,1448257571
64519642,BTC-E,ppc_usd,ppc_usd,ask,0.374,0.100824,1448257571
64519641,BTC-E,ppc_usd,ppc_usd,ask,0.374,0.10302,1448257570
64519640,BTC-E,ppc_usd,ppc_usd,ask,0.374,0.101322,1448257569
64519376,BTC-E,ppc_usd,ppc_usd,bid,0.376,4.45813,1448256300
64519125,BTC-E,ppc_usd,ppc_usd,ask,0.374,2.76725,1448254717
64519124,BTC-E,ppc_usd,ppc_usd,ask,0.374,2.89275,1448254717
64518756,BTC-E,ppc_usd,ppc_usd,bid,0.376,1.0,1448252863
64518653,BTC-E,ppc_usd,ppc_usd,bid,0.376,4.35149,1448252159
64517962,BTC-E,ppc_usd,ppc_usd,bid,0.376,5.29973,1448250724
64517597,BTC-E,ppc_usd,ppc_usd,bid,0.376,4.30263,1448249436
64516883,BTC-E,ppc_usd,ppc_usd,bid,0.375,3.653,1448246517
64516757,BTC-E,ppc_usd,ppc_usd,bid,0.376,1.7413,1448245281
64516756,BTC-E,ppc_usd,ppc_usd,bid,0.376,2.88389,1448245281
64516578,BTC-E,ppc_usd,ppc_usd,bid,0.375,0.629,1448244557
64516407,BTC-E,ppc_usd,ppc_usd,ask,0.373,1.28673,1448243610
64516323,BTC-E,ppc_usd,ppc_usd,bid,0.375,3.424,1448242773
64515621,BTC-E,ppc_usd,ppc_usd,bid,0.375,1.576,1448241649
64515361,BTC-E,ppc_usd,ppc_usd,bid,0.375,362.544,1448240336
64515194,BTC-E,ppc_usd,ppc_usd,bid,0.374,0.597,1448239492
64515146,BTC-E,ppc_usd,ppc_usd,bid,0.374,0.778,1448239412
64515125,BTC-E,ppc_usd,ppc_usd,bid,0.374,1.742,1448239330
64515098,BTC-E,ppc_usd,ppc_usd,bid,0.374,3.088,1448239211
64515062,BTC-E,ppc_usd,ppc_usd,bid,0.374,5.93,1448239086
64515001,BTC-E,ppc_usd,ppc_usd,bid,0.374,5.14467,1448239001
64514940,BTC-E,ppc_usd,ppc_usd,bid,0.374,6.7303,1448238916
64514930,BTC-E,ppc_usd,ppc_usd,bid,0.374,5.98198,1448238834
64514890,BTC-E,ppc_usd,ppc_usd,bid,0.374,4.73425,1448238710
64514882,BTC-E,ppc_usd,ppc_usd,bid,0.374,6.90483,1448238585
64514805,BTC-E,ppc_usd,ppc_usd,bid,0.374,7.65166,1448238463
64514791,BTC-E,ppc_usd,ppc_usd,bid,0.375,90.9603,1448238414
64514790,BTC-E,ppc_usd,ppc_usd,bid,0.375,0.101218,1448238414
64514789,BTC-E,ppc_usd,ppc_usd,bid,0.375,6.97834,1448238414
64514788,BTC-E,ppc_usd,ppc_usd,bid,0.374,37.23,1448238414
64514787,BTC-E,ppc_usd,ppc_usd,bid,0.374,0.1,1448238414
64514786,BTC-E,ppc_usd,ppc_usd,bid,0.374,0.101218,1448238414
64514785,BTC-E,ppc_usd,ppc_usd,bid,0.374,96.574,1448238414
64514389,BTC-E,ppc_usd,ppc_usd,bid,0.374,3.426,1448237578
64514388,BTC-E,ppc_usd,ppc_usd,bid,0.374,1.98097,1448237578
64513885,BTC-E,ppc_usd,ppc_usd,ask,0.372,4.43499,1448235917
64513592,BTC-E,ppc_usd,ppc_usd,ask,0.372,8.07369,1448234720
64513286,BTC-E,ppc_usd,ppc_usd,ask,0.371,5.35648,1448233528
64512981,BTC-E,ppc_usd,ppc_usd,ask,0.371,6.80933,1448231810
64512524,BTC-E,ppc_usd,ppc_usd,ask,0.371,200.0,1448229915
64512133,BTC-E,ppc_usd,ppc_usd,bid,0.374,1.0,1448228671
64511915,BTC-E,ppc_usd,ppc_usd,bid,0.373,0.362203,1448228352
64511914,BTC-E,ppc_usd,ppc_usd,bid,0.373,0.101218,1448228352
64511913,BTC-E,ppc_usd,ppc_usd,bid,0.373,94.7069,1448228352
64511912,BTC-E,ppc_usd,ppc_usd,ask,0.372,0.200141,1448228331
64511747,BTC-E,ppc_usd,ppc_usd,bid,0.372,76.8782,1448227447
64511746,BTC-E,ppc_usd,ppc_usd,bid,0.372,2.92164,1448227447
64511389,BTC-E,ppc_usd,ppc_usd,ask,0.37,0.101218,1448225984
64511220,BTC-E,ppc_usd,ppc_usd,ask,0.37,8.10345,1448225325
64511219,BTC-E,ppc_usd,ppc_usd,ask,0.37,0.72749,1448225325
64511015,BTC-E,ppc_usd,ppc_usd,bid,0.373,5.29306,1448224842
64510753,BTC-E,ppc_usd,ppc_usd,ask,0.37,2.2,1448223875
64510741,BTC-E,ppc_usd,ppc_usd,bid,0.372,0.101218,1448223795
64510740,BTC-E,ppc_usd,ppc_usd,bid,0.372,2.9184,1448223795
64510267,BTC-E,ppc_usd,ppc_usd,ask,0.37,0.101218,1448222650
64510266,BTC-E,ppc_usd,ppc_usd,ask,0.37,2.92424,1448222650
64509221,BTC-E,ppc_usd,ppc_usd,bid,0.372,2.91516,1448220477
64509113,BTC-E,ppc_usd,ppc_usd,ask,0.369,632.94,1448219847
64509112,BTC-E,ppc_usd,ppc_usd,ask,0.369,0.101218,1448219847
64509111,BTC-E,ppc_usd,ppc_usd,ask,0.369,91.1426,1448219847
64509110,BTC-E,ppc_usd,ppc_usd,ask,0.37,20.0,1448219847
64509109,BTC-E,ppc_usd,ppc_usd,ask,0.37,0.101218,1448219847
64509108,BTC-E,ppc_usd,ppc_usd,ask,0.37,6.99233,1448219847
64509107,BTC-E,ppc_usd,ppc_usd,ask,0.37,0.1003,1448219847
64509106,BTC-E,ppc_usd,ppc_usd,ask,0.37,2.921,1448219847
64509104,BTC-E,ppc_usd,ppc_usd,ask,0.371,101.996,1448219829
64509060,BTC-E,ppc_usd,ppc_usd,ask,0.371,6.71084,1448219670
64508392,BTC-E,ppc_usd,ppc_usd,ask,0.371,21.0267,1448217860
64508244,BTC-E,ppc_usd,ppc_usd,ask,0.372,20.0,1448217154
64508175,BTC-E,ppc_usd,ppc_usd,ask,0.372,20.0,1448217046
64508171,BTC-E,ppc_usd,ppc_usd,ask,0.372,20.0,1448217046
64508023,BTC-E,ppc_usd,ppc_usd,ask,0.372,0.844301,1448216052
64507894,BTC-E,ppc_usd,ppc_usd,ask,0.372,5.40751,1448215511
64507495,BTC-E,ppc_usd,ppc_usd,bid,0.373,5.02917,1448213926
64507044,BTC-E,ppc_usd,ppc_usd,bid,0.373,20.0,1448212166
64507039,BTC-E,ppc_usd,ppc_usd,ask,0.371,0.101218,1448212083
64507038,BTC-E,ppc_usd,ppc_usd,ask,0.371,1.09352,1448212083
64506752,BTC-E,ppc_usd,ppc_usd,bid,0.373,220.676,1448210904
64506600,BTC-E,ppc_usd,ppc_usd,ask,0.372,2.98695,1448210242
64506583,BTC-E,ppc_usd,ppc_usd,ask,0.374,2.88967,1448210175
64506582,BTC-E,ppc_usd,ppc_usd,bid,0.376,0.772206,1448210172
64506581,BTC-E,ppc_usd,ppc_usd,bid,0.376,0.772206,1448210171
64506580,BTC-E,ppc_usd,ppc_usd,bid,0.376,0.752686,1448210171
64506579,BTC-E,ppc_usd,ppc_usd,bid,0.376,0.01952,1448210171
64506578,BTC-E,ppc_usd,ppc_usd,bid,0.376,0.772206,1448210170
64506577,BTC-E,ppc_usd,ppc_usd,bid,0.376,0.289418,1448210169
64506576,BTC-E,ppc_usd,ppc_usd,bid,0.376,0.101218,1448210169
64506575,BTC-E,ppc_usd,ppc_usd,bid,0.376,0.38157,1448210169
64506574,BTC-E,ppc_usd,ppc_usd,bid,0.376,0.772206,1448210168
64506572,BTC-E,ppc_usd,ppc_usd,bid,0.376,0.772206,1448210167
64506571,BTC-E,ppc_usd,ppc_usd,bid,0.376,0.772206,1448210166
64506570,BTC-E,ppc_usd,ppc_usd,bid,0.376,0.182641,1448210159
64506569,BTC-E,ppc_usd,ppc_usd,bid,0.375,0.1,1448210159
64506568,BTC-E,ppc_usd,ppc_usd,bid,0.375,0.491316,1448210159
64506567,BTC-E,ppc_usd,ppc_usd,bid,0.375,0.773957,1448210158
64506566,BTC-E,ppc_usd,ppc_usd,bid,0.375,0.773957,1448210157
64506565,BTC-E,ppc_usd,ppc_usd,bid,0.375,0.773957,1448210156
64506564,BTC-E,ppc_usd,ppc_usd,bid,0.375,0.773957,1448210154
64506563,BTC-E,ppc_usd,ppc_usd,bid,0.375,0.773957,1448210154
64506562,BTC-E,ppc_usd,ppc_usd,bid,0.375,0.773957,1448210153
64506561,BTC-E,ppc_usd,ppc_usd,bid,0.375,0.773957,1448210152
64506560,BTC-E,ppc_usd,ppc_usd,bid,0.375,0.777487,1448210145
64506559,BTC-E,ppc_usd,ppc_usd,bid,0.375,0.777487,1448210144
64506556,BTC-E,ppc_usd,ppc_usd,bid,0.375,0.777487,1448210143
64506555,BTC-E,ppc_usd,ppc_usd,bid,0.375,0.777487,1448210142
64506554,BTC-E,ppc_usd,ppc_usd,bid,0.375,0.777487,1448210141
64506553,BTC-E,ppc_usd,ppc_usd,bid,0.375,0.777487,1448210140
64506552,BTC-E,ppc_usd,ppc_usd,bid,0.375,0.777487,1448210139
64506550,BTC-E,ppc_usd,ppc_usd,bid,0.375,0.777487,1448210138
64506549,BTC-E,ppc_usd,ppc_usd,ask,0.374,40.0,1448210138
64506548,BTC-E,ppc_usd,ppc_usd,bid,0.375,0.775717,1448210137
64506547,BTC-E,ppc_usd,ppc_usd,bid,0.375,0.775717,1448210136
64506546,BTC-E,ppc_usd,ppc_usd,bid,0.375,0.775717,1448210136
64506545,BTC-E,ppc_usd,ppc_usd,bid,0.375,0.775717,1448210135
64506544,BTC-E,ppc_usd,ppc_usd,bid,0.375,0.775717,1448210134
64506543,BTC-E,ppc_usd,ppc_usd,bid,0.375,0.574499,1448210133
64506542,BTC-E,ppc_usd,ppc_usd,bid,0.375,0.1,1448210133
64506541,BTC-E,ppc_usd,ppc_usd,bid,0.375,0.101218,1448210133
64506538,BTC-E,ppc_usd,ppc_usd,bid,0.374,6.93141,1448210132
64506537,BTC-E,ppc_usd,ppc_usd,bid,0.374,0.1,1448210132
64506536,BTC-E,ppc_usd,ppc_usd,bid,0.374,90.1043,1448210132
64506535,BTC-E,ppc_usd,ppc_usd,bid,0.374,0.1,1448210132
64506534,BTC-E,ppc_usd,ppc_usd,bid,0.374,1.4263,1448210132
64506533,BTC-E,ppc_usd,ppc_usd,bid,0.374,0.775717,1448210132
64506532,BTC-E,ppc_usd,ppc_usd,bid,0.374,0.775717,1448210129
64506528,BTC-E,ppc_usd,ppc_usd,ask,0.373,146.256,1448210124
64506527,BTC-E,ppc_usd,ppc_usd,bid,0.373,50.6133,1448210123
64506526,BTC-E,ppc_usd,ppc_usd,bid,0.373,70.9222,1448210123
64506525,BTC-E,ppc_usd,ppc_usd,bid,0.373,2562.35,1448210123
64506524,BTC-E,ppc_usd,ppc_usd,bid,0.372,240.0,1448210123
64506523,BTC-E,ppc_usd,ppc_usd,bid,0.372,2.91193,1448210123
64506522,BTC-E,ppc_usd,ppc_usd,bid,0.37,0.297172,1448210123
64506488,BTC-E,ppc_usd,ppc_usd,bid,0.37,316.0,1448210062
64506280,BTC-E,ppc_usd,ppc_usd,bid,0.369,30.5688,1448209214
64506279,BTC-E,ppc_usd,ppc_usd,ask,0.369,0.790146,1448209212
64506278,BTC-E,ppc_usd,ppc_usd,ask,0.369,0.790146,1448209212
64506277,BTC-E,ppc_usd,ppc_usd,ask,0.369,0.790146,1448209212
64506276,BTC-E,ppc_usd,ppc_usd,ask,0.369,0.790146,1448209212
64506275,BTC-E,ppc_usd,ppc_usd,ask,0.369,0.790146,1448209212
64506274,BTC-E,ppc_usd,ppc_usd,ask,0.369,0.790146,1448209212
64506273,BTC-E,ppc_usd,ppc_usd,ask,0.369,0.790146,1448209212
64506272,BTC-E,ppc_usd,ppc_usd,ask,0.369,0.790146,1448209212
64506229,BTC-E,ppc_usd,ppc_usd,bid,0.37,365.491,1448209055
64506164,BTC-E,ppc_usd,ppc_usd,bid,0.37,4.91408,1448208780
64505940,BTC-E,ppc_usd,ppc_usd,ask,0.37,0.788308,1448207818
64505939,BTC-E,ppc_usd,ppc_usd,ask,0.37,0.788308,1448207818
64519916,BTC-E,btc_rur,btc_rur,ask,21446.0,0.4,1448258817
64519915,BTC-E,btc_rur,btc_rur,ask,21446.0,0.0237735,1448258778
64519818,BTC-E,btc_rur,btc_rur,ask,21446.0,0.0110334,1448258235
64519782,BTC-E,btc_rur,btc_rur,ask,21446.0,0.1,1448258111
64519765,BTC-E,btc_rur,btc_rur,bid,21499.9,0.00896657,1448258075
64519764,BTC-E,btc_rur,btc_rur,bid,21499.9,0.0239637,1448258075
64519748,BTC-E,btc_rur,btc_rur,ask,21446.0,0.0915082,1448258060
64519734,BTC-E,btc_rur,btc_rur,ask,21446.0,1.72004,1448258024
64519600,BTC-E,btc_rur,btc_rur,ask,21446.0,0.0185377,1448257241
64519511,BTC-E,btc_rur,btc_rur,bid,21500.0,0.0256665,1448256558
64519510,BTC-E,btc_rur,btc_rur,bid,21500.0,0.0612041,1448256558
64519508,BTC-E,btc_rur,btc_rur,bid,21500.0,0.031,1448256558
64519506,BTC-E,btc_rur,btc_rur,bid,21499.0,0.0549605,1448256558
64519502,BTC-E,btc_rur,btc_rur,bid,21499.0,0.0409685,1448256558
64519386,BTC-E,btc_rur,btc_rur,ask,21446.0,0.0295896,1448256450
64519352,BTC-E,btc_rur,btc_rur,ask,21446.0,0.0470914,1448256125
64519338,BTC-E,btc_rur,btc_rur,ask,21446.0,0.5,1448256031
64519317,BTC-E,btc_rur,btc_rur,ask,21446.0,0.3,1448255783
64519246,BTC-E,btc_rur,btc_rur,bid,21499.0,0.0150237,1448255396
64519245,BTC-E,btc_rur,btc_rur,bid,21499.0,0.0962373,1448255396
64519188,BTC-E,btc_rur,btc_rur,bid,21499.0,0.02111,1448255142
64519065,BTC-E,btc_rur,btc_rur,ask,21446.0,0.0220541,1448254272
64518917,BTC-E,btc_rur,btc_rur,ask,21446.0,0.11111,1448253894
